2850 4590
606 302 799 369 ..5-

162 461 288 541 (Phryn.
312 462 405 522 Bekk.
428 484 456 540 p.
473 468 501 534 6,
529 462 589 538 13).
634 458 825 519 simillimum
848 465 894 518 ost
915 461 990 519 Hor.
1013 462 1070 537 Ep.
1085 463 1109 532 Ι,
1134 465 1162 533 3,
1186 466 1243 521 26:

162 566 293 639 „frigida
323 586 463 625 curarum
492 567 644 624 fomenta“
666 564 717 623 ubi
742 584 771 624 v.
793 565 891 641 intpp.
912 597 956 607 —
985 566 1067 624 Pers.
1092 567 1169 621 363:
1199 559 1242 622 τέ-

162 687 251 744 μενος
273 663 408 746 αἰθέρος,
432 668 484 726 ubi
507 667 605 726 Schol.
629 668 670 725 M.
694 667 868 745 adscripsit:
891 658 967 724 κατιί
989 666 1169 745 περίφρασιν
1191 658 1243 724 adv

163 765 281 849 αἰθέρα.
327 771 505 849 Addendum
532 775 578 829 est
600 770 691 828 etiam
712 769 815 847 Suppl.
842 774 917 828 123:
939 803 982 812 -
1008 761 1191 848 λινορραφής
1212 787 1243 826 τε

162 866 283 948 δόμος
313 864 369 930 δίλα
398 868 507 950 στέγων
537 863 665 949 δορός.
709 865 802 946 δόμος
824 863 916 948 δορός
942 878 988 930 est
1008 871 1243 945 „Schiffshaus“.

162 975 236 1035 Gen.
268 995 370 1053 sppos.
402 977 460 1034 hoc
489 975 556 1035 loco
586 975 611 1033 si
642 978 806 1033 statuemus
836 975 929 1035 verba
959 973 1070 1052 optime
1099 978 1243 1051 poterunt

161 1078 307 1138 declarari
335 1069 426 1154 (δόρυ
445 1105 488 1128 =
506 1079 579 1146 ναῦς
610 1079 691 1137 Pers.
716 1082 788 1136 409.
829 1082 885 1150 hg.
912 1081 1002 1136 1589.
1043 1076 1145 1155 Suppl.
1170 1080 1240 1149 815,

163 1187 234 1254 820,
259 1182 341 1260 974).
386 1183 538 1260 Recteque
560 1180 717 1242 adnotavit
738 1179 836 1239 Schol.
860 1181 917 1238 M.:
943 1172 1127 1257 λινορραφής
1149 1172 1243 1253 δόμος

162 1275 268 1363 δορός·
289 1274 311 1359 ή
328 1283 409 1350 ναῦς.
433 1315 474 1325 -—
497 1283 542 1341 De
565 1286 665 1344 Prom.
682 1288 760 1342 435:
782 1274 917 1350 κελαινὸς
930 1272 1056 1350 ’Ἁιδος
1070 1313 1112 1325 -
1128 1272 1243 1357 μαχδς

103 1462 107 1469 ρ
162 1386 230 1464 γᾶς
251 1386 350 1463 aptius
372 1385 447 1444 mihi
471 1386 568 1446 visum
591 1392 637 1445 est
658 1386 805 1444 disserere
826 1385 908 1442 infre
929 1384 962 1442 in
977 1386 1044 1443 adn.
1061 1386 1085 1443 Ι.
1100 1419 1142 1428 -
1164 1385 1241 1443 (lon-

159 1490 288 1566 junctim
304 1493 455 1566 postremo
478 1488 536 1547 loci
551 1490 609 1547 duo
625 1489 855 1564 perlustrentur,
880 1488 989 1566 quibus
1008 1487 1041 1545 in
1057 1487 1242 1565 explicandis

160 1611 178 1650 a
201 1592 317 1663 ceteris,
342 1592 421 1670 quod
444 1591 549 1663 seiam,
579 1591 797 1669 interpretibus
821 1589 896 1648 mihi
919 1596 965 1649 ost
987 1589 1240 1648 dissentiendum:

161 1696 241 1772 Sept.
266 1701 342 1754 631:
364 1729 405 1738 —
428 1687 516 1753 πόλιν
539 1689 595 1764 ἕξει
617 1687 766 1771 πατροίων
789 1685 936 1767 δαιμοίτοιν
958 1684 981 1749 τ’
1004 1685 1189 1770 ἐπιστροφάς
1211 1698 1242 1750 et

162 1799 246 1855 Eum.
272 1802 347 1856 538:
377 1833 419 1842 -
447 1795 617 1871 ξενοτίμους
647 1789 793 1870 δωμάτων
824 1788 1013 1875 ἐπιστροφάς.
1063 1792 1242 1871 ἐπιστροφαί

161 1899 241 1958 enim
263 1900 442 1959 vocabulum
466 1899 537 1979 qnid
560 1899 618 1957 sibi
641 1899 733 1960 vellet
756 1918 854 1978 neque
869 1899 1062 1958 Blomfioldus
1084 1898 1241 1975 („eonver·

162 2002 270 2080 satio“)
293 2004 449 2080 perspexit
477 2022 575 2082 neque
597 2002 774 2061 Schuetzius
796 2002 958 2078 („alternas
980 2001 1101 2080 vioes“).
1145 2003 1240 2059 Immo

161 2111 346 2177 concretam,
378 2125 454 2186 quae
484 2106 609 2177 dicitur,
639 2105 702 2166 vim
730 2105 823 2163 habet
850 2105 904 2163 illa
931 2125 992 2166 vox
1021 2106 1058 2163 ot'.
1080 2106 1137 2178 frg.
1161 2110 1240 2162 243:

159 2201 300 2285 Σπερχειὲ
329 2203 442 2282 ποταμὲ
471 2201 619 2284 βούνομοί
647 2199 671 2263 τ’
693 2203 872 2284 ἐπιστροφαί
900 2210 958 2281 fig.
983 2212 1059 2266 264:
1091 2204 1176 2276 Κίλιξ
1207 2201 1239 2264 δὲ

158 2301 240 2387 χοίρα
262 2305 312 2368 καί
335 2302 446 2389 Σήρων
468 2307 656 2389 ἐπιστροφαί.
702 2309 874 2388 Hesychius
897 2307 1104 2388 (ἐπιστροφαί.Ι
1127 2307 1240 2389 διατρι-

159 2410 222 2488 βαί,
246 2411 365 2471 δίαιται.
405 2406 552 2490 Αἰσχύλος
577 2410 685 2491 Φρυξί)
708 2412 831 2472 minime
854 2418 960 2473 contre
981 2433 1028 2471 me
1050 2413 1133 2473 facit.
1175 2411 1239 2471 δια-

160 2508 246 2594 τριβή
270 2522 316 2575 est
336 2516 433 2589 locus,
456 2517 508 2578 ubi
533 2516 600 2597 quis
623 2516 790 2576 devertitur
811 2516 888 2576 Plat.
911 2517 1028 2576 cham.
1053 2521 1125 2589 153,
1145 2536 1177 2576 a:
1199 2503 1240 2591 ήα

160 2615 210 2675 ἐπὶ
239 2612 291 2687 τοὶς
321 2612 461 2695 ξυνήθεις
491 2611 653 2697 διατριβάς.
705 2616 803 2676 δίαιτα
832 2624 932 2678 autem
961 2620 1029 2681 voci
1057 2621 1147 2678 istam
1176 2617 1239 2680 vim

160 2741 225 2779 esse
257 2724 422 2797 subjectam
450 2742 511 2780 non
541 2722 638 2781 habeo
669 2722 748 2800 quod
771 2722 980 2782 demonstrem.
1026 2722 1105 2787 Quid
1127 2719 1240 2780 multa?

158 2825 313 2901 Exemplis
335 2824 513 2902 Aeschyleis
542 2844 637 2903 aeque
667 2832 757 2903 atque
788 2831 860 2883 nota
881 2826 1029 2904 Hesychii
1060 2821 1239 2901 ἐπιστροφαί

159 2935 327 2986 concretam
346 2928 457 2986 habere
480 2927 732 3001 significationem
748 2955 791 2976 =
805 2927 952 3001 „loous,
974 2929 1027 2987 ubi
1050 2927 1117 3007 quis
1133 2928 1237 2988 dever-

159 3029 242 3102 titur,
265 3029 286 3088 i.
302 3050 327 3089 e.
351 3031 574 3090 deversorium“
597 3049 698 3088 nonne
719 3030 888 3089 luculenter
910 3029 1058 3089 efficitur?

245 3135 319 3193 (lum
348 3133 489 3206 genetivo
519 3140 618 3192 autem
646 3134 815 3211 appositivo
844 3133 1035 3192 consociandi
1057 3135 1147 3209 hujus
1169 3134 1237 3191 sub·

158 3236 283 3296 stantivi
312 3236 390 3309 ratio
419 3256 480 3294 non
510 3237 553 3295 ita
583 3236 701 3296 diversa
731 3244 776 3295 est
805 3238 842 3295 ab
874 3255 909 3294 ea
939 3256 997 3316 qua
1019 3236 1093 3294 dicit
1114 3235 1174 3295 (lic.
1203 3235 1237 3292 in

159 3340 225 3398 Vat.
247 3345 298 3398 14:
320 3339 509 3415 „perfugium
523 3338 711 3413 legationis“,
728 3341 807 3419 quod
823 3339 943 3419 quidem
958 3339 1127 3417 exemplum
1143 3339 1237 3397 debeo

158 3441 301 3500 Haasio
323 3441 453 3518 (Vorles.
478 3464 507 3519 p.
525 3443 589 3517 42).

243 3543 275 3619 b)
297 3544 356 3602 His
377 3544 421 3604 ita
443 3544 627 3621 explanatis,
658 3545 799 3624 quoniam
821 3545 956 3605 videmus
979 3564 1067 3624 quam
1096 3544 1157 3603 late
1179 3544 1236 3603 dif-

157 3649 300 3706 fundatur
321 3648 372 3707 hic
390 3649 524 3721 genetivi
546 3668 616 3705 usus
638 3649 717 3725 apud
732 3647 923 3725 Aeschylum,
947 3647 1065 3706 dicendi
1088 3649 1236 3727 quendem

157 3771 270 3809 morem
293 3771 381 3829 quem
402 3771 490 3809 nemo
513 3771 589 3808 unus
609 3750 681 3809 satis
696 3750 816 3811 videtur
829 3750 904 3808 mihi
928 3750 1110 3827 exposuisse,
1132 3751 1237 3810 licebit

157 3860 306 3914 excutere.
354 3854 471 3912 Accidit
500 3854 580 3911 enim
609 3853 762 3912 interdum
790 3854 868 3929 apud
895 3853 1025 3926 tragicos
1047 3853 1235 3929 potissimum

156 3958 368 4034 (consulendus
391 3965 437 4016 est
452 3955 645 4014 Blomfieldus
667 3956 699 4014 in
722 3956 810 4030 gloss.
830 3957 867 4014 ad
883 3958 965 4014 Pers.
981 3959 1042 4013 425
1068 3954 1118 4035 qui
1141 3955 1235 4015 multa

157 4061 307 4134 congessit
329 4058 479 4136 exempla)
508 4065 542 4117 ut
571 4060 767 4121 substantivis
797 4058 986 4118 substantive
1014 4058 1142 4116 eundem
1170 4060 1234 4127 fero

155 4165 299 4224 habentia
320 4163 506 4222 intellectum
529 4183 583 4239 per
604 4164 773 4224 ubertatem
788 4162 937 4242 quandem
951 4161 1149 4223 adnectantur
1164 4181 1235 4222 casu
