2850 4590
641 297 853 363 ,34-

206 450 215 534 ll
230 445 346 528 νήστεις
368 453 465 531 (Libri
487 446 600 528 νήστισι
624 459 654 512 et
676 456 785 531 νῆστις.
818 456 999 517 Emendavit
1014 455 1187 534 Triclinius)
1209 450 1287 535 ιιρδς

206 546 424 634 ἆρίσιοισιν
447 541 495 615 οἷν
517 552 575 632 ἔχει
597 550 681 626 πόλις
701 554 706 638 Ι
725 550 832 617 τάσσει.
866 559 1002 639 Utroque
1024 560 1090 618 loco
1113 559 1286 634 genetivum

206 678 270 717 esse
287 658 486 734 objectivume
503 659 623 738 quidem
638 661 734 719 habeo
751 652 805 738 pro
822 667 911 721 certo.
928 696 969 705 -
990 662 1036 721 De
1051 662 1117 721 loco
1134 668 1189 737 Ag.
1207 668 1285 722 318:

204 762 340 839 pluribus
356 762 522 840 disputavit
536 766 571 822 R.
588 765 756 825 Fdrster.
791 766 859 843 („de
875 766 1063 825 attractionis
1079 786 1135 824 usu
1152 767 1286 843 Aeschy-

204 865 271 924 leo“
294 864 373 925 Diss.
396 865 497 940 inaug.
520 866 682 927 Vratislav.
714 871 803 926 1866.
831 889 860 945 p.
879 873 916 926 10
942 869 1037 948 seqq.)
1069 888 1163 948 aeque
1195 875 1285 948 atque

205 988 260 1042 ego
291 968 464 1043 genetivum
492 969 675 1045 objectivum
705 975 847 1029 statuens.
896 964 1016 1049 ἄριστον
1037 971 1285 1048 :jentaculum

205 1074 259 1131 cfr.
290 1073 347 1146 frg.
373 1076 448 1130 181:
479 1064 598 1151 ἄριστα,
631 1071 750 1148 δεῖπνα,
782 1068 880 1151 diona
901 1066 933 1131 θ’
956 1072 1108 1152 αἱρεῖσθαι
1129 1074 1219 1151 τρίτα.
1244 1108 1286 1119 -

206 1176 277 1235 Pari
307 1174 425 1234 ratione
447 1175 596 1234 Homerus
626 1176 692 1236 voci
724 1173 845 1235 δεῖπνον
874 1177 1046 1250 genetivum
1076 1178 1212 1254 adjungit
1234 1179 1286 1236 ob·

204 1279 349 1355 jectivum
373 1278 427 1337 Od.
450 1279 568 1351 XXIV,
592 1284 651 1337 215
678 1278 800 1338 δεῖπνον
822 1313 863 1324 -
887 1281 975 1338 συῶν.

714 1466 783 1546 54.

294 1588 375 1653 Quos
391 1586 477 1645 modo
500 1586 667 1663 percensui,
691 1587 899 1661 genetivorum
915 1588 1132 1664 objectivorum
1147 1593 1283 1646 naturam

210 1709 275 1749 eam
298 1712 362 1749 esse
385 1697 518 1768 apparet,
541 1696 575 1749 ut
597 1710 663 1749 oum
680 1692 875 1751 substantivis
892 1691 953 1750 sint
975 1693 1102 1752 connexi
1128 1712 1203 1770 quae
1219 1711 1284 1750 ver·

208 1794 255 1853 bis
283 1794 466 1871 respondent
496 1794 629 1855 dativum
659 1799 711 1853 unt
740 1795 943 1855 accusativum
971 1794 1028 1853 sibi
1051 1795 1284 1853 adsumentibus.

208 1899 277 1955 Non
308 1898 416 1955 desunt
447 1902 547 1955 autem
577 1903 731 1973 praeterea
765 1898 953 1958 substantiva
985 1899 1064 1975 apud
1093 1898 1285 1975 Aeschylum,

209 2002 326 2080 quibus,
351 2000 487 2080 quamvis
510 2020 571 2058 non
595 2001 721 2060 deducta
743 2000 804 2059 sint
826 2021 864 2060 ex
879 2001 988 2073 verbis,
1012 2000 1163 2060 verbalem
1186 2005 1285 2059 tomen

209 2103 361 2162 notionem
391 2104 490 2162 inesse
519 2104 684 2179 putandum
714 2103 763 2162 sit.
808 2105 870 2162 Nos
902 2103 1021 2183 quidem
1051 2104 1195 2178 ejusmodi
1219 2105 1288 2162 sub·

209 2207 408 2267 stantivorum
438 2226 504 2265 cum
535 2227 602 2281 gen.
634 2209 692 2283 obj.
720 2209 892 2281 juncturam
923 2207 981 2265 nisi
1013 2207 1287 2283 praepositionibus

209 2311 377 2388 exprimere
400 2330 459 2367 non
482 2329 648 2387 possumus.

296 2406 508 2492 φάρμακον.
547 2415 596 2472 Pr.
622 2417 697 2471 252:
719 2410 808 2488 τῆσδε
830 2405 991 2490 φάρμακον
1015 2406 1104 2470 νόσου
1127 2411 1194 2489 (nos
1218 2432 1287 2485 „ge-

211 2519 310 2592 gen“).
343 2518 392 2575 Pr.
410 2521 488 2575 605:
511 2514 538 2575 σι’
560 2509 723 2595 φάρμακον
744 2512 846 2573 νόσου.
880 2519 935 2590 Ag.
955 2521 1030 2576 526:
1054 2509 1086 2574 vd
1110 2517 1194 2595 σιγᾶν
1210 2509 1288 2594 φοὶρ·

211 2641 306 2696 μαιιον
328 2612 450 2696 βλάβης.

295 2715 416 2800 λιμήν.
461 2721 563 2800 Suppl.
588 2727 666 2780 454:
690 2713 825 2797 οὐδαμοῦ
846 2713 934 2797 λιμὴν
955 2722 1106 2800 eandm).

296 2820 394 2885 σκιά.
438 2829 493 2899 Ag.
517 2830 595 2884 931:
624 2817 710 2883 ousdv
732 2859 774 2868 -
797 2822 908 2902 σειρίου
939 2818 1031 2894 noodr
1059 2826 1078 2885 i.
1101 2846 1126 2884 e.
1156 2827 1289 2898 „umbra

213 2949 289 3010 quae
311 2931 496 2992 adversus
519 2948 623 2988 canem
646 2929 807 2987 defendit“.

266 3106 269 3122 Ι
297 3028 505 3111 πρόβλημα.
549 3033 631 3110 Sept.
656 3037 732 3090 659:
763 3028 924 3107 κνημῖδας,
956 3027 1064 3107 αἰχμῆς
1094 3027 1144 3089 καὶ
1174 3031 1290 3106 ιιειροῖν

213 3129 409 3215 προβλήματα
430 3142 586 3210 „tutamen
607 3135 751 3196 advorsus
775 3137 874 3192 ....“

299 3236 428 3317 ἔρυμα.
480 3240 534 3298 ch.
563 3243 635 3297 148:
668 3229 745 3315 πρὸς
774 3232 869 3311 ἔρυμα
898 3229 965 3293 τόδε
994 3238 1096 3293 κακῶν
1125 3233 1238 3294 κεδνῶν
1268 3225 1290 3290 ι’

213 3334 387 3418 αἰιόιροιιοι
417 3334 490 3421 ἄγος
522 3334 691 3417 ἀπεύχετον.
745 3338 874 3411 „Nescio
907 3338 978 3416 quid
1010 3339 1226 3415 interpretibus
1259 3338 1291 3396 in

216 3451 345 3506 mentem
375 3446 507 3517 venerit,
538 3449 573 3503 ut
603 3440 697 3522 ἔρυμα
727 3442 911 3500 tumulum
942 3442 1112 3514 significare
1142 3448 1292 3518 putarent.

213 3541 333 3628 Ἔρυμα
356 3555 401 3607 est
422 3547 677 3626 praesidium,
705 3546 940 3616 firmamentum,
963 3545 1095 3623 adeoque
1118 3546 1226 3603 chorus
1249 3546 1293 3603 di·

218 3654 273 3713 cit:
301 3654 344 3712 ad
368 3650 642 3711 confirmanda
665 3649 775 3707 nobis
797 3649 911 3719 bona,
941 3652 978 3704 et
999 3649 1296 3707 averruncanda

219 3756 329 3815 male“
351 3754 520 3814 Sohiitzius.

290 3999 314 4056 1)
332 4010 357 4042 v.
377 3993 428 4039 Cio.
448 4006 492 4052 pro
511 3991 583 4038 Caco.
603 3992 635 4038 34
654 3988 835 4049 „Exsilium
860 3987 925 4034 enim
951 4002 1000 4034 non
1024 3989 1173 4050 supplicium
1196 3998 1234 4041 est
1251 3994 1295 4041 sed

220 4074 614 4141 perfugium‘portusquo
632 4074 805 4136 supplicii.
