2850 4590
612 303 824 370 ...36-

73 484 76 490 ·
180 453 375 539 πυιλιγιιότοις.
419 462 523 540 Neque
546 461 645 521 minus
674 464 754 521 hunc
783 463 815 521 iu
848 482 1000 522 numerum
1030 463 1256 523 adscribendum

180 569 225 623 est
241 568 296 638 Ag.
316 568 395 622 1034
410 590 453 613 =
473 569 565 623 1039:
588 556 702 644 άγυιάτ’
716 556 853 626 άπόλλων
873 561 951 642 ἐμός.
969 600 1008 610 -
1025 557 1162 626 άπόλλων
1185 567 1256 646 quid

180 665 237 725 sibi
266 667 340 727 velit
369 668 477 728 docent
506 687 581 747 quae
610 669 710 727 statim
741 675 921 749 sequuntur:
952 660 1105 740 άπάλεσας
1134 663 1190 748 γάρ
1220 661 1257 728 od

179 761 262 845 μόλις
285 762 318 828 τό
341 763 486 849 δεύτερον.

263 875 311 933 De
332 875 481 950 adjectivo
502 865 683 953 θρεπτήριος
706 875 773 953 (ch.
797 879 872 934 532:
896 868 1008 950 μαστόν
1029 911 1071 920 -
1094 869 1165 951 ἐμόν
1186 879 1256 954 θρε-

178 970 314 1056 πτήριον)
337 979 417 1037 infra
436 978 608 1040 disseretur.
642 979 767 1037 Praeter
788 978 901 1055 primae
924 999 1069 1055 personae
1091 999 1256 1056 pronomen

121 1131 125 1138 .
177 1083 378 1160 possessivum
413 1081 504 1161 idque
538 1081 682 1156 singulari
717 1101 841 1140 numero
876 1103 1049 1160 expressum
1082 1083 1166 1142 nulla
1197 1082 1257 1141 alia

176 1187 354 1263 pronomina
375 1186 544 1264 possessiva
567 1186 754 1244 commemini
786 1205 862 1264 quae
885 1193 1068 1264 usurpentur
1089 1208 1143 1265 pro
1166 1207 1256 1262 gene·

179 1293 242 1352 tivo
267 1289 481 1368 objectivo1)..

266 1396 299 1471 b)
320 1393 526 1470 adjectiva:
549 1393 631 1470 Sept.
655 1397 731 1450 252:
755 1386 896 1468 πολέμιον
919 1385 1025 1469 φόβον.
1071 1394 1254 1453 Andsoiores

179 1503 337 1578 juncturae
360 1503 443 1555 sunt:
466 1496 518 1555 Ch.
542 1501 621 1554 224:
643 1490 770 1572 θήρειον
791 1489 919 1573 γραφήν.
963 1495 1043 1573 Sept.
1062 1501 1140 1556 618:
1164 1488 1254 1554 άλά·

182 1620 292 1677 σιμον
313 1591 412 1658 παῖαν’
429 1591 639 1676 ἐπεξιακχάσας
661 1598 787 1677 (‚‚paean
809 1600 845 1657 de
865 1601 938 1658 urbe
953 1602 1164 1681 expugnata').
1198 1606 1254 1678 Ag.

186 1711 238 1765 10:
253 1696 405 1779 άλοόσιμον
420 1693 528 1777 βάξιν
544 1703 582 1760 cf.
598 1721 664 1779 pag.
675 1707 723 1759 32.
747 1701 960 1762 Gravissimum
974 1709 1019 1761 est
1031 1707 1085 1777 Ag.
1096 1707 1170 1763 215:
1186 1706 1254 1780 κλη-

180 1803 270 1878 δόνας
293 1797 450 1888 πατρῴους
472 1824 580 1878 „voces
603 1811 718 1883 patrem
740 1806 944 1866 invocantes“.
967 1841 1007 1850 -—
1031 1808 1076 1864 Ad
1101 1812 1154 1882 Ag.
1177 1813 1254 1866 249:

181 1904 376 1992 εὐαγγέλοισιν
400 1905 510 1968 ἐλπίσιν
533 1911 696 1984 θυηπολεῖς
715 1944 757 1953 -
781 1905 891 1968 ἐλπίσιν
914 1902 1033 1989 άγαθῆς
1055 1903 1190 1989 άγγελίας
1213 1944 1253 1955 -·-

180 2013 424 2075 Schneidewinus
454 2012 690 2072 commodissime
720 2012 817 2073 adfert
838 2013 923 2071 Pind.
953 2015 1008 2087 frg.
1035 2018 1109 2072 199:
1141 2010 1254 2072 ἐλπίσιν

181 2113 347 2186 ἀθανάταις
369 2108 455 2197 άρμῷ
478 2111 628 2194 φέρονται.
662 2116 809 2195 Equidem
830 2117 935 2176 addam
957 2119 1028 2177 Eur.
1051 2117 1129 2177 Med.
1156 2121 1254 2177 1010:

180 2218 268 2298 δόξης
290 2214 316 2279 d’
336 2213 467 2295 ἒσφάλην
489 2210 655 2298 εάαγγέλου.
680 2255 721 2263 -
750 2221 861 2280 Ultimo
883 2221 949 2280 loco
974 2222 1025 2280 sed
1047 2221 1179 2295 graviter
1200 2243 1254 2281 no-

179 2328 260 2385 mino
283 2316 461 2402 ταάρειος
484 2316 602 2396 φόνος
624 2323 705 2399 Sept.
729 2330 778 2382 44.
822 2324 921 2401 (Nihil
942 2325 1029 2386 video
1053 2344 1170 2397 causae,
1202 2344 1254 2384 cur

133 2473 136 2481 .
175 2422 271 2504 φόνος
293 2427 437 2486 hocloco
460 2425 594 2486 indicare
615 2430 778 2500 „cruor“
800 2426 898 2487 velint
918 2428 1107 2505 interpretes.
1146 2421 1252 2507 θιγγά-

175 2552 234 2593 νειν
262 2533 294 2590 in
318 2531 463 2608 ejusmodi
490 2530 626 2589 formulis
649 2536 695 2590 est
716 2549 857 2607 „operam
881 2532 951 2590 dare
973 2532 1037 2591 rei“
1059 2531 1183 2609 perinde
1207 2537 1251 2590 at·

175 2656 233 2718 que
265 2627 503 2713 προσθιγγάνειν.
557 2633 648 2710 Soph.
672 2635 727 2692 Ph.
753 2639 786 2692 9:
820 2626 887 2693 οὔτε
917 2632 1048 2710 λοιβῆς
1079 2621 1151 2710 ἧμιν
1182 2626 1251 2693 οὔτε

173 2731 319 2814 θυμάτων
346 2733 351 2818 Ι
379 2738 478 2814 παρῆν
500 2729 616 2811 ἓκήλοις
638 2738 838 2814 προσθιγεῖν.)
882 2738 1002 2796 Etenim
1025 2736 1133 2797 mirum
1156 2758 1249 2816 quan-

174 2849 246 2916 tum,
269 2847 303 2900 ut
325 2840 489 2919 paullulum
512 2840 651 2898 deflectat
674 2840 768 2899 oratio
792 2860 865 2913 mea,
888 2840 960 2900 huic
983 2841 1169 2902 substantivo
1193 2835 1248 2914 φό-

174 2966 225 3014 νος
255 2965 322 3003 cum
352 2943 496 3020 ejusmodi
527 2943 683 3020 adjectivis
711 2942 883 3002 societatem
904 2944 1026 3003 habenti
1051 2945 1099 3005 vel
1121 2946 1158 3003 ab
1181 2943 1248 3002 aliis

175 3049 370 3126 scriptoribus
401 3047 576 3107 conceditur
604 3047 687 3105 locus
718 3046 791 3124 (non
821 3049 858 3105 ab
881 3048 1041 3126 Homero),
1073 3047 1201 3108 maxime
1231 3066 1249 3106 a

174 3152 311 3226 tragicis:
335 3153 427 3227 Soph.
451 3151 497 3210 si.
516 3156 592 3210 309:
615 3142 735 3228 άρνείου
757 3142 864 3222 φόνου.
907 3152 947 3211 ib.
966 3156 1020 3211 55:
1043 3147 1136 3230 ἔκειρε
1157 3143 1248 3209 πυλά-

173 3275 267 3333 κερων
288 3247 394 3329 φόνον.
439 3256 522 3314 Eur.
546 3253 613 3313 Hel.
641 3257 737 3311 1591:
766 3249 797 3311 ἐκ
821 3253 1004 3332 ταυρείου
1033 3248 1160 3329 φόνου.
1206 3256 1246 3313 ih.

178 3363 271 3417 1582:
295 3353 344 3416 ἕπλ
367 3356 492 3440 ταυρείῳ
515 3358 625 3439 σφαγῇ.
658 3357 727 3433 Iph.
749 3357 782 3414 P.
801 3358 855 3416 72:
869 3351 977 3433 Ἕλλην
1000 3351 1102 3432 φόνος.
1138 3360 1246 3419 Bacch.

175 3462 251 3520 796:
286 3452 381 3533 φόνον
403 3460 510 3535 θῆλυν.
531 3497 535 3506 ·
555 3465 586 3523 et
615 3480 653 3518 ne
680 3462 717 3519 ab
740 3460 941 3521 Herodoto
964 3461 1084 3541 quidem
1106 3463 1248 3520 abhorret

172 3563 242 3636 VII,
271 3564 344 3622 170:
376 3557 471 3636 φόνος
499 3554 667 3637 Ἑλληνικός
698 3558 833 3640 μέγιστος
864 3550 951 3633 οὗτος
981 3599 1021 3607 -
1051 3561 1172 3643 ἐγένετο.
1206 3601 1245 3609 -

172 3669 255 3726 Lob.
280 3666 321 3725 ad
344 3667 397 3725 Αἱ.
421 3687 448 3727 v.
475 3671 512 3723 55
536 3667 675 3725 adnotat:
698 3669 753 3740 „ln
776 3667 829 3726 La.
851 3668 992 3726 scribitur
1013 3660 1188 3746 πυλόκερον,
1211 3688 1245 3728 ac

169 3754 342 3848 πολάιιερως
357 3761 462 3844 φόνος,
485 3770 676 3849 quantumvis
692 3789 710 3828 a
724 3776 827 3830 nostro
845 3789 934 3829 sensu
949 3771 1122 3843 abhorrens,
1146 3777 1244 3830 tamen

173 3895 232 3933 non
262 3873 402 3932 licentius
434 3878 479 3931 est
506 3892 594 3952 quam
617 3866 741 3952 γηγενης
763 3867 841 3951 μάχη
863 3874 943 3951 Gyol.
967 3895 995 3935 v.
1020 3879 1046 3933 5.
1091 3876 1158 3933 Jon.
1183 3876 1242 3934 987

240 4026 265 4087 1)
283 4025 440 4087 Thucydides
458 4026 615 4085 potissimum
634 4027 736 4073 adhibet
752 4028 899 4086 pronomina
917 4028 1060 4088 possessiva
1074 4044 1117 4088 pro
1130 4029 1245 4088 genetivo

170 4113 294 4171 objectiva
319 4113 401 4172 velut,
426 4116 453 4160 ut
478 4113 564 4172 paucis
591 4117 645 4158 utar
670 4113 798 4173 exemplis,
817 4115 837 4171 1,
857 4116 897 4172 33,
917 4116 940 4162 3.
969 4115 990 4171 Ι,
1010 4116 1051 4175 69,
1069 4116 1091 4162 5.
1120 4117 1140 4173 1,
1161 4118 1202 4175 77,
1221 4118 1244 4163 6.

170 4198 191 4259 1,
211 4199 267 4259 137,
285 4201 309 4248 4.
338 4198 381 4259 IV,
401 4200 484 4258 90,1.
519 4199 549 4246 cl.
569 4197 719 4246 Classen.
738 4199 770 4245 ad
787 4199 807 4258 1,
826 4201 867 4260 33,
886 4204 909 4248 3.
