2850 4590
694 1095 818 1172 i·

353 1250 416 1320 De
451 1250 680 1338 genetivo
714 1250 1033 1323 attributivo.

617 1451 723 1533 Caput
744 1452 768 1517 1.

467 1595 516 1650 De
538 1595 693 1662 genetivo
717 1594 916 1664 appositive.

239 1745 385 1804 Nationes
401 1746 476 1803 duae
496 1745 629 1821 ejusdem
644 1745 772 1819 generis,
797 1765 922 1824 quarum
938 1745 1033 1805 altera
1055 1748 1234 1808 terminatur

152 1848 255 1921 altera,
279 1868 457 1928 quamquam
480 1848 601 1923 linguae
623 1849 718 1907 indoli
742 1849 957 1910 convenienter
979 1849 1012 1908 in
1035 1851 1138 1909 eodem
1161 1852 1232 1929 poni

152 1951 250 2010 solent
272 1971 351 2025 casu,
374 1958 472 2011 tamen
489 1951 684 2011 multifariam
700 1953 896 2026 substantiva,
922 1953 1029 2032 quibus
1046 1955 1234 2016 substantiva

151 2055 341 2133 explicantur
356 2054 404 2116 vel
424 2055 617 2127 definiuntur,
641 2055 825 2114 collocantur
847 2056 878 2114 in
895 2075 965 2115 casu
980 2057 1130 2130 genetivo.
1166 2057 1234 2117 Vox

151 2158 230 2216 enim
254 2178 320 2217 cum
343 2159 484 2234 genetivo
504 2159 610 2234 juncta
633 2165 679 2218 cst
701 2159 783 2218 notio
807 2159 996 2233 universalis,
1019 2179 1095 2240 quae
1111 2161 1233 2238 proprie

150 2281 281 2340 vereque
310 2268 410 2338 potest
438 2261 514 2335 dici,
544 2262 684 2336 genetivo
714 2262 795 2338 ipso,
827 2281 886 2342 quo
909 2265 1078 2323 accuratius
1108 2263 1161 2322 illa
1184 2264 1233 2322 de·

151 2364 301 2436 scribitur,
324 2365 408 2424 notio
433 2365 605 2424 continetur
627 2364 773 2441 specialis.
793 2399 832 2408 -
854 2367 954 2442 Hujus
977 2366 1119 2440 genetivi,
1144 2387 1232 2446 quem

66 2525 73 2531 .
150 2467 353 2546 appositivum
364 2467 601 2546 (explicativum,
619 2469 854 2545 epexcgcticum,
868 2469 1069 2545 definitivum)
1082 2489 1232 2540 vocamus,

150 2571 260 2630 rationi
284 2573 516 2649 perscrutandae
541 2571 610 2651 quia
632 2571 747 2630 nullum
769 2572 839 2628 dum
860 2571 959 2631 virum
981 2573 1098 2631 doctum
1111 2573 1148 2648 ¹),
1172 2592 1231 2653 quo

150 2692 205 2750 pai·
223 2679 296 2748 orat,
320 2676 417 2734 studio
440 2675 611 2734 incubuisse
626 2674 724 2746 video,
749 2693 837 2753 quam
852 2674 1080 2748 diligentissime
1095 2677 1232 2754 exempla

151 2794 227 2854 quae
249 2779 441 2855 reperiuntur
463 2779 541 2854 apud
564 2777 747 2855 Aeschylum
770 2776 869 2836 omnia
892 2778 1041 2836 adunam
1065 2779 1232 2858 conquisivi

150 2899 184 2938 ac
207 2880 349 2958 disposui.
1239 2865 1243 2868 .

234 2981 264 3059 a)
288 2984 369 3042 Pers.
394 2983 511 3059 2822):
541 2974 638 3058 ὄνομα
662 2983 840 3056 Σαλαμῖνος.
867 2981 964 3057 (Eum.
990 2987 1023 3041 8:
1054 2975 1086 3040 sd
1113 2980 1230 3059 Φοίβης

218 3192 243 3250 1)
262 3187 510 3247 Bernhardyus
529 3185 608 3251 (Synt.
621 3201 645 3247 p.
661 3185 721 3250 143)
740 3186 787 3232 hoc
804 3186 913 3246 genetivi
931 3186 1064 3234 adumbrat
1080 3201 1166 3247 genus,
1186 3188 1229 3234 sed

148 3273 281 3321 adumbrat
298 3279 402 3321 tantum.
432 3273 508 3318 Plura
527 3273 569 3318 dat
580 3273 609 3318 R.
623 3272 647 3317 K
656 3272 718 3318 iihn
728 3285 803 3319 crus
816 3270 872 3334 (Gr.
887 3270 929 3318 Gr.
943 3273 975 3332 11,
989 3275 1047 3331 402,
1061 3272 1095 3331 d).
1122 3273 1146 3318 K
1155 3286 1228 3319 rne-

95 3384 99 3391 -
148 3373 247 3418 genus
271 3359 386 3420 quamvis
412 3359 445 3405 sit
468 3363 597 3405 accuratus
623 3359 648 3404 in
667 3357 741 3404 rebus
759 3358 927 3417 grammaticis
944 3359 1095 3415 tractandis,
1121 3358 1229 3418 neglegit
1266 3386 1268 3390 -

147 3446 222 3504 plana
246 3445 297 3492 tere
321 3446 388 3492 huuc
412 3443 561 3503 genetivum.
598 3443 687 3492 Obiter
704 3443 769 3490 enim
787 3448 912 3502 tamquam
932 3443 962 3490 de
979 3444 1084 3490 articulo
1103 3444 1229 3490 doctrinae

147 3531 238 3577 subicit
255 3531 376 3577 nonnulla
402 3530 449 3575 buc
468 3529 612 3589 spectantia.
648 3530 668 3587 1,
687 3531 727 3589 50,
748 3532 770 3586 7,
791 3532 814 3577 7.
850 3528 890 3575 Di.
905 3529 946 3587 50,
966 3530 990 3587 7,
1012 3531 1034 3576 5.
1072 3529 1151 3576 Multo
1169 3530 1227 3576 sub·

145 3616 214 3664 tilius
233 3617 263 3663 de
281 3616 390 3676 genetivi
407 3614 542 3676 appositivi
568 3614 593 3661 in
612 3615 697 3674 lingua
722 3614 836 3661 latins
854 3628 900 3661 usu
919 3619 957 3662 est
974 3614 1134 3674 disputatum.
1170 3616 1227 3664 vide

147 3701 188 3748 Fr.
206 3703 329 3750 Haasei
348 3701 539 3759 „Vorlcsuugen
558 3700 618 3746 iiber
635 3699 781 3747 lateiniscbe
799 3699 1084 3759 spraehwissenschasc‘
1101 3701 1139 3759 11,
1157 3716 1180 3762 p.
1194 3705 1227 3749 40

146 3802 215 3848 seqq.
250 3786 397 3847 Reisigii
422 3787 593 3844 Vorlesungen
618 3786 679 3832 iiber
704 3787 747 3831 lat.
772 3785 897 3845 Spracbw.
924 3800 947 3845 p,
968 3785 1028 3833 655.
1063 3787 1227 3847 Madvigii

147 3872 192 3920 Gr.
210 3874 265 3920 Lat.
283 3875 378 3935 §.232
414 3873 558 3918 Ellendt.
585 3872 616 3918 ad
636 3871 686 3918 Cic.
714 3872 744 3918 de
769 3885 805 3917 or.
830 3886 854 3931 p.
875 3873 932 3921 227.
969 3872 1134 3932 Draegcri
1160 3879 1226 3933 synt.

144 3960 204 4009 hist.
221 3963 321 4021 linguae
338 3961 381 4008 lat.
401 3976 425 4021 p.
438 3961 488 4008 466
506 3973 574 4018 seqq.
611 3958 613 3961 ’

215 4045 240 4113 2)
258 4048 377 4107 Aeschyli
395 4045 535 4105 tragoedias
553 4058 583 4090 ex
600 4043 707 4092 editione
719 4043 946 4106 Kirchhott'ii,
964 4046 1103 4106 fragmenta
1120 4061 1150 4092 ex
1168 4048 1225 4106 pod-

144 4138 227 4182 tarum
245 4135 399 4183 scenicorum
417 4133 525 4180 editione
542 4131 707 4178 Dindorfiana
724 4132 861 4180 numeravi.

977 4213 1031 4276 p*
