2850 4590
607 389 819 456 ,23-

177 539 239 606 αἰπό
261 567 312 620 μοι
333 541 421 626 λόγον
446 548 551 605 τοῦτον
570 538 666 622 στόμα
688 543 791 622 ρ’ῐψον.
825 549 916 626 Pyth.
932 547 985 621 VI,
1003 547 1059 608 3⁹1:
1082 541 1258 623 χαμαιπετὲς

177 641 203 708 δ’
221 640 268 729 ἄρ’
290 646 362 719 έπος
385 643 442 708 ούκ
465 643 640 728 ἀπέρριψεν.
675 649 749 709 Her.
764 649 817 723 IV,
840 655 910 710 142:
933 651 1025 708 ταῦτα
1047 644 1100 725 μὲν
1122 641 1161 726 δὴ
1176 641 1258 707 Σκύ-

175 757 250 836 θῃσι
266 749 297 822 ἐς
308 743 415 822 Ἴωνας
437 745 678 831 αἰπίρριπται.
713 752 801 826 VIII,
818 758 872 812 92:
893 743 927 810 ‘0
945 745 1131 829 Πολύκριτος
1146 745 1258 831 νἰπέρ-

175 866 267 934 ριψε
290 850 326 924 ἐς
351 849 619 928 Θεμιστοκλέα.

261 959 400 1017 Formam
416 952 491 1031 ἐμοῦ
503 959 566 1034 jum
581 961 627 1016 est
642 957 834 1017 menifestum
850 956 933 1016 nullo
948 956 1015 1016 loco
1032 957 1110 1035 upud
1122 959 1257 1036 Aeschy-

173 1061 236 1120 lum
258 1061 370 1120 habero
393 1059 454 1119 vim
476 1059 685 1137 possessivum.

261 1163 370 1222 Forma
385 1161 525 1221 enclitiou
540 1161 609 1237 μού,
632 1181 709 1242 quae
724 1163 846 1223 omuino
862 1162 975 1223 semel
996 1167 1031 1221 et
1052 1162 1168 1223 vicies
1183 1161 1256 1236 legi-

174 1273 232 1340 tur,
253 1264 396 1326 tredecim
410 1265 486 1324 locis
503 1284 639 1325 connexu
654 1270 700 1324 est
716 1285 783 1325 cum
799 1266 899 1326 verbis
914 1265 1069 1342 (audiendi
1086 1267 1168 1324 Pers.
1185 1268 1256 1336 631,

175 1369 246 1428 637.
270 1370 324 1428 Ch.
343 1373 412 1427 133.
435 1367 715 1445 Supp1.234,950,
739 1369 790 1429 ubi
814 1369 918 1428 Herm.
942 1388 1004 1443 μοι,
1028 1369 1078 1426 Pr.
1095 1365 1166 1439 474,
1183 1371 1254 1439 616,

176 1479 247 1532 822.
269 1472 327 1546 frg.
350 1477 402 1529 92.
423 1503 465 1514 -
489 1469 612 1530 curandi
635 1472 684 1531 Pr.
703 1477 763 1530 628
787 1471 912 1531 cedendi
934 1472 991 1545 frg.
1018 1474 1064 1528 15.
1087 1468 1254 1546 temptandi

175 1579 231 1649 Ag.
257 1578 348 1634 1355.
370 1594 425 1651 per
446 1573 555 1632 tmesin
581 1571 622 1651 [v.
644 1574 747 1648 infru].
789 1577 839 1634 Pr.
866 1578 943 1634 134:
967 1568 1000 1631 ἐκ
1023 1564 1047 1630 δ’
1069 1567 1175 1647 ἐπληξέ
1196 1591 1254 1646 μου

175 1669 228 1736 τᾶν
242 1676 414 1754 θεμερῶπιν
429 1672 519 1753 αἰδῶ)
536 1676 627 1735 semel
643 1696 710 1736 oum
725 1676 948 1755 praepositione
963 1677 1048 1735 Eum.
1066 1678 1134 1733 101.
1165 1676 1255 1734 Proe-

174 1787 258 1840 tereu
278 1779 447 1852 absolutus,
478 1779 530 1858 qui
552 1785 692 1853 vocatur,
723 1781 880 1854 genetivus
903 1784 949 1838 est
973 1777 1149 1838 statuendus
1171 1777 1253 1855 Sept.

176 1885 251 1942 897:
283 1879 315 1940 ἐκ
339 1874 465 1960 φρενός,
497 1873 704 1957 δκλαομένας
734 1903 793 1959 μου
823 1874 954 1956 μινύθει.
999 1902 1057 1954 „ex
1079 1880 1178 1940 animo
1203 1881 1254 1961 qui

173 1985 334 2045 intabescit
363 2006 410 2044 me
440 1984 645 2045 lacrimante“.
675 2020 716 2029 -
750 1987 835 2044 Inter
867 2005 898 2044 se
931 1983 1086 2062 compositi
1116 1983 1255 2042 dicuntur

174 2109 264 2166 porro
286 2088 345 2147 loci
362 2088 411 2146 hi:
432 2088 534 2165 Suppl.
552 2088 568 2146 7
574 2093 630 2148 50:
653 2081 848 2166 κελαινόχρως
863 2082 895 2146 δέ
911 2083 1048 2145 πύλλεταί
1061 2107 1121 2161 μου
1137 2083 1253 2162 καρδία.

174 2192 257 2249 Pers.
279 2195 354 2250 114:
377 2184 470 2247 ταύτοί
493 2211 552 2264 μου
575 2189 751 2269 μελαγχίτων
774 2181 856 2268 φρὴν
879 2183 1041 2264 ἀμύσσεται
1063 2183 1160 2270 φόβῳ.
1199 2190 1253 2248 ch.

175 2298 251 2353 401:
275 2286 424 2371 σπλύγχνα
446 2290 479 2351 δέ
501 2313 552 2368 μοι
575 2295 759 2352 κελαινούται
783 2284 860 2369 πρός
882 2289 954 2362 ἐπος
974 2284 1116 2373 κλυούσᾳ.
1151 2293 1253 2352 Primo

173 2396 239 2457 loeo
273 2417 333 2470 μου
367 2396 450 2455 nullo
483 2401 572 2474 puoto
603 2417 690 2475 posse
723 2396 797 2455 ferri
831 2395 1049 2454 intellexerunt
1078 2395 1253 2454 Dindorfius

173 2504 203 2558 et
217 2500 409 2557 Hermaunus
433 2498 514 2575 (vide
530 2500 594 2577 ojus
613 2499 708 2577 udu.);
732 2504 848 2576 pugnat
870 2497 951 2587 eninr
972 2517 1039 2556 cum
1061 2503 1165 2556 metro.
1200 2498 1250 2556 Al·

171 2608 237 2661 tero
259 2602 325 2661 loco
348 2601 428 2660 idem
450 2602 529 2661 docti
552 2601 611 2662 viri
640 2623 702 2660 non
730 2603 826 2661 solum
849 2601 900 2660 sed
923 2601 1013 2660 otium
1036 2600 1199 2660 Sohillerus
1222 2607 1253 2659 et

172 2704 334 2764 Teuffelius
350 2703 481 2781 (Blomf.)
505 2703 691 2781 scripserunt
706 2726 765 2780 μοι.
799 2704 900 2764 Tertio
916 2702 1048 2783 denique
1070 2703 1190 2778 egregie
1205 2723 1251 2762 re-

173 2808 272 2868 stituit
287 2827 337 2883 μοι
353 2806 540 2895 ξοουοίυὶαι.
563 2807 720 2883 (Dutivum
735 2808 767 2866 iu
783 2809 840 2866 huo
855 2805 973 2866 dicendi
988 2807 1085 2880 figure
1100 2806 1251 2884 Aeschylo

171 2911 292 2988 proburi
323 2909 409 2969 docet
438 2909 528 2967 otium
558 2910 611 2970 Ch.
635 2916 713 2970 398:
742 2905 886 2968 πέπαλται
916 2900 942 2966 δ’
973 2895 1044 2966 αύτέ
1070 2929 1137 2984 μοι
1164 2906 1250 2980 φίλον

170 3008 252 3091 κεάρ.
276 3005 360 3071 τόνδε
381 3003 532 3069 κλύουσαν
555 3002 674 3089 οίκτον).
691 3045 732 3055 -
755 3014 837 3072 Pers.
855 3017 933 3072 894:
955 3007 1070 3070 λέλυται
1093 3005 1149 3090 γαίρ
1171 3008 1250 3085 ἐμῶν

171 3116 264 3196 γυίων
293 3108 380 3193 ῥύμη
410 3107 463 3190 τήν
492 3105 518 3171 δ’
540 3105 657 3189 ἡλικίαν
686 3105 811 3173 ἐσιδόντ’
834 3108 934 3173 ἀστῶν
963 3115 1141 3175 Schuetzius
1172 3109 1249 3189 ἐμοὶ,

172 3220 249 3300 quod
272 3219 304 3276 in
328 3218 424 3277 Guelf.
448 3217 533 3298 quusi
556 3217 655 3291 glossa
677 3238 768 3294 supra
791 3218 936 3296 scriptum
959 3223 1020 3290 est,
1049 3217 1173 3277 refinxit
1194 3237 1249 3295 pro

171 3318 258 3397 ἐμῶν.
277 3357 319 3367 -
341 3322 447 3400 Neque
468 3320 567 3380 minus
590 3325 647 3394 Ag.
664 3325 742 3381 439:
765 3315 844 3396 μένει
867 3312 893 3379 δ’
915 3315 1045 3378 ἀκοῦσαί
1067 3318 1094 3378 τί
1116 3340 1176 3396 μου
1197 3315 1248 3394 με’-

170 3446 260 3502 ριμνα
273 3418 456 3502 νυκτηρεφές
467 3424 557 3502 plene
569 3423 735 3500 udstipulor
745 3425 876 3497 Regem,
893 3423 944 3505 qui
960 3422 1080 3501 scripsit
1091 3442 1153 3497 μοι,
1170 3423 1248 3502 quod

170 3529 206 3588 ud
230 3548 349 3588 sensum
373 3527 642 3587 commodissimum
666 3534 721 3586 est.
756 3527 881 3588 Accedit
904 3527 983 3607 quod
1005 3526 1117 3586 hocin
1139 3545 1249 3599 genere

170 3631 271 3692 dativo
301 3632 398 3691 utitur
419 3631 588 3710 Aeschylus
617 3629 702 3692 velut
731 3631 817 3689 Eum.
843 3633 920 3690 876:
951 3629 996 3699 τίς
1025 3623 1058 3687 δέ
1088 3649 1151 3704 μοι
1180 3620 1249 3702 τιμή

170 3730 265 3811 μένεις
296 3734 399 3812 Suppl.
425 3739 502 3792 418:
532 3730 641 3791 παισί
669 3725 738 3791 τόδε
765 3728 829 3791 καί
857 3725 1056 3807 δόμοις-
1079 3728 1158 3808 μένει
1181 3727 1249 3808 δορί

170 3836 292 3896 τίνειν
315 3828 469 3911 όμοιίαν
492 3831 614 3910 θέμιν.
647 3835 750 3913 Suppl.
764 3841 839 3896 385:
862 3832 941 3911 μένει
957 3857 1002 3894 τοι
1020 3827 1118 3911 Ζηνός
1133 3831 1249 3893 ίκταίου

169 3934 256 4010 κότος
274 3937 280 4022 Ι
300 3935 578 4018 δυσπαραθέλκτοις
598 3933 754 4009 παθόντος
770 3936 882 4009 οίκτοις
904 3940 955 4017 (cf.
970 3939 1069 3999 Schol.
1086 3939 1141 4015 M.)
1163 3958 1249 4016 prue-

168 4045 254 4122 oipue
276 4045 357 4120 Sept.
375 4044 452 4104 878:
474 4046 557 4120 μενεῖ
573 4039 579 4125 Ι
598 4037 707 4102 κτέανύ
729 4036 753 4101 τ’
776 4036 927 4123 ἐπιγόνοις
948 4065 977 4106 v.
1000 4043 1160 4103 8ο1ωί.Μ.
1194 4043 1248 4102 Ge·

169 4147 309 4227 teroquin
331 4146 423 4208 velim
452 4149 625 4208 conferatur
646 4149 729 4207 Pers.
756 4151 830 4208 165:
859 4139 953 4208 ταῦτύ
983 4168 1047 4224 μοι
1076 4145 1166 4222 διπλῆ
1188 4141 1248 4220 με’-

168 4243 263 4332 ριμν’
285 4241 439 4330 ύφραστός
460 4246 539 4314 ἐστιν
561 4247 592 4311 έν
613 4249 711 4332 φρεσί,
735 4242 809 4329 μήτε
831 4285 875 4296 -
898 4246 1042 4330 σέβειν.
1073 4251 1177 4308 truso.
1190 4251 1280 4300 433·-
