2850 4590
688 297 902 362 ...84-

254 471 320 512 cum
349 448 490 528 genetivo
518 455 657 530 junctum
683 453 795 528 legitur
817 456 902 513 Eum.
926 458 1004 514 342:
1035 447 1207 513 παλλεύκων
1228 449 1260 514 δὲ
1283 449 1337 514 πί-

252 556 335 614 πλων
357 549 483 634 όίμοιρος
504 546 633 634 ῦκληρος
654 548 792 633 ἐτύχθην.

191 661 193 665 ’
337 659 386 719 Ex
406 659 515 719 horum
537 659 677 735 analogia
705 659 923 736 adjectivorum
952 663 1132 719 structuram
1154 679 1223 719 eum
1245 679 1337 734 gene-

253 760 316 823 tivo
339 764 501 841 praebent:

338 860 519 941 μέτοικος
548 866 598 946 (de
621 868 767 941 μετοικεῖν
797 866 936 926 similiter
965 866 1139 941 genetivum
1168 866 1336 945 recipiente

253 967 316 1029 dixi
339 968 462 1046 plural.
478 969 524 1048 a).
569 971 652 1030 Pers.
676 969 752 1030 317:
781 962 928 1048 Ἀρτάβης
957 989 987 1028 τε
1016 963 1163 1049 Βάκτριος
1182 966 1186 1052 Ι
1206 971 1338 1048 σκληρᾶς

253 1065 388 1146 μέτοικος
410 1073 473 1152 μῦς.
515 1073 704 1134 substantive
726 1078 888 1151 usurpatur
910 1074 963 1133 ch.
981 1078 1057 1132 965:
1081 1068 1210 1150 μέτοικοι
1233 1065 1337 1149 δόμων

252 1175 413 1235 πεσοῦνται
442 1167 538 1235 πόλιν.
583 1176 632 1236 Sic
661 1178 737 1236 haec
766 1177 922 1236 emendate
953 1177 1075 1254 scripsit
1103 1177 1245 1250 Scaliger.
1275 1177 1336 1236 M.:

253 1269 486 1355 μετοικοδύμων.
532 1279 631 1340 Schol.
655 1281 711 1340 M.:
740 1277 777 1339 ολ
797 1281 863 1338 νῦν
885 1272 955 1349 τούς
977 1273 1089 1355 δόμους
1112 1277 1263 1348 οἰκοῦντες
1285 1298 1336 1337 πε-

253 1382 376 1440 σοῦνται
398 1383 457 1441 κτλ.
480 1417 523 1426 —
553 1383 634 1460 Sept.
660 1389 729 1443 531.
760 1384 812 1443 Oh.
837 1387 908 1443 665.
939 1385 1024 1442 Eum.
1048 1389 1119 1443 989.
1151 1383 1189 1441 ad
1211 1386 1267 1456 Ag.
1294 1386 1334 1440 58

254 1484 325 1545 vide
348 1490 436 1545 notas
457 1486 666 1563 interpretum.
689 1519 731 1531 —

340 1588 381 1647 Et
403 1609 442 1648 ne
471 1609 506 1649 ea
529 1590 649 1669 quidem
672 1588 820 1666 adjectiva
842 1588 1027 1648 numeranda
1050 1593 1120 1647 sunt
1141 1589 1200 1647 alio
1228 1588 1261 1648 in
1284 1609 1335 1663 ge-

257 1710 329 1750 nere
351 1710 428 1772 quae
446 1694 611 1772 composita
634 1699 705 1752 eunt
726 1713 765 1752 ex
787 1714 806 1749 α
827 1691 980 1771 privativo
1003 1695 1034 1751 et
1056 1711 1091 1751 ea
1112 1692 1236 1751 notione
1259 1713 1336 1772 quae

253 1794 421 1854 accuratius
436 1796 654 1856 determinatur
669 1795 806 1873 apposito
824 1795 974 1870 genetivo.
1018 1797 1092 1855 Rem
1116 1795 1183 1872 ipsa
1198 1796 1336 1874 exempla

256 1897 426 1974 expediant.
488 1890 491 1897 ’

338 1991 473 2077 όίτιμος
501 2002 646 2076 „honoris
675 2001 802 2079 alicujus
833 2005 958 2079 expers“
982 2001 1035 2060 (ih.
1061 2002 1137 2060 287:
1168 1993 1285 2061 πόντων
1309 1995 1336 2060 δ’

252 2095 359 2180 ῦτιμον
380 2096 509 2178 κύφιλον
531 2098 676 2189 θνῄσκειν
699 2098 783 2188 μόρῳ
805 2139 847 2148 --
869 2097 989 2163 πόντων
1012 2104 1170 2179 genetivus
1194 2112 1239 2164 est
1261 2126 1336 2164 neu·

251 2207 328 2267 trius
358 2213 448 2289 atquc
477 2199 588 2284 ῦφιλον
615 2208 751 2268 absolute
779 2207 911 2287 ponitur.
934 2243 976 2252 -
1006 2209 1046 2267 ib.
1071 2209 1147 2268 397:
1177 2199 1336 2287 Ἀτρειδῶν

251 2302 288 2369 τοί
309 2303 385 2370 λοίπ’
407 2304 567 2389 ἀμηχάνως
592 2308 597 2393 Ι
623 2308 726 2389 ἔχοντα
748 2307 798 2370 καὶ
822 2304 967 2388 δωμότων
992 2307 997 2393 Ι
1023 2303 1111 2389 ότιμα
1135 2306 1336 2390 Ιᾶπεσπασμὲ·

255 2432 327 2484 κους
348 2409 400 2473 καὶ
422 2410 669 2494 φυγαδευθέντας
690 2415 750 2473 τῶν
773 2411 865 2474 οίκων
888 2413 1019 2492 explicat
1040 2413 1138 2473 Schol.
1162 2414 1224 2491 Μ.).
1262 2417 1335 2476 Per·

253 2535 360 2576 sonam
383 2536 459 2597 quae
482 2538 570 2598 quem
593 2538 654 2578 non
677 2518 745 2579 vult
765 2519 929 2590 honorare,
961 2537 1133 2596 expressam
1163 2538 1229 2577 esse
1252 2517 1335 2579 vide·

253 2639 320 2678 mus
342 2620 566 2699 praepositione
588 2610 651 2679 ύπό
674 2640 741 2680 cum
763 2621 904 2695 genetivo
919 2619 1000 2698 Sept.
1019 2626 1114 2680 1008:
1138 2613 1242 2696 όίτιμον
1258 2611 1336 2680 εἶναι

253 2713 280 2780 δ’
302 2717 471 2802 ἐκφορᾶς
493 2721 612 2798 φίλων
633 2715 714 2782 ῦπο.
761 2720 814 2800 (ἐκ
837 2725 940 2784 eodem
962 2724 1120 2784 intellectu
1144 2723 1254 2783 dicitur
1275 2727 1332 2798 Ag.

256 2830 353 2886 1233:
378 2819 415 2886 ού
439 2819 498 2904 μην
520 2818 620 2903 όίτιμοτ
643 2818 668 2905 γ’
691 2822 724 2885 ἔκ
746 2828 828 2886 θεῶν
850 2821 1043 2904 τεθνήξομεν.
1067 2861 1109 2871 -
1131 2820 1224 2902 πρός
1246 2829 1333 2887 Eum.

256 2934 333 2989 864:
355 2921 432 3010 πρός
453 2925 598 3010 νεωτέρας
621 2925 695 3008 ἐμοῦ
714 2927 719 3013 Ι
739 2924 813 3001 θεός
835 2924 946 2989 παλαιοί
968 2927 1019 2989 καὶ
1039 2926 1242 3008 πολισσούχων
1263 2929 1331 3008 βρο-

253 3032 313 3091 τῦν
332 3027 338 3114 Ι
357 3023 462 3109 ῦτιμος
484 3028 589 3113 ἔρρειν.

339 3126 521 3206 ῦπαππος
543 3158 625 3212 „non
645 3139 761 3198 habens
783 3157 938 3217 proavum,
961 3156 979 3196 a
1001 3157 1059 3217 quo
1075 3138 1253 3198 descendat“
1275 3141 1333 3212 Ag.

254 3243 332 3300 298:
362 3231 443 3313 φόος
474 3230 537 3299 τύδ’
567 3234 624 3299 οῦκ
655 3233 802 3300 ῦπαππον
828 3233 938 3301 Ἰδαίου
968 3234 1072 3319 πυρός.
1121 3243 1225 3319 „cujus
1253 3241 1334 3316 ignis

252 3343 361 3403 Idaeus
384 3344 561 3420 progenitor
582 3344 660 3404 fuit“
682 3345 790 3405 Blomf.

338 3445 405 3504 Jam
424 3447 565 3507 claudant
579 3448 637 3508 hoo
652 3469 758 3524 agmen
777 3448 935 3525 adjectiva,
960 3447 1069 3528 quibus
1084 3447 1168 3508 notio
1184 3447 1333 3523 ,‚noxiae“

253 3547 344 3608 inest.

340 3648 477 3722 αίτιος.
522 3653 605 3713 Pers.
631 3653 707 3714 877:
737 3654 790 3723 τῦς
818 3653 874 3712 νῦν
902 3645 1082 3732 ματρόπολις
1109 3645 1195 3712 τῶνδ’
1221 3652 1226 3732 Ι
1253 3649 1333 3712 αἰτία

253 3755 433 3834 στεναγμῶν.
472 3755 526 3815 Oh.
544 3761 622 3816 825:
643 3749 697 3815 τόν
720 3753 816 3815 αίτιον
838 3747 864 3814 δ’
882 3749 1041 3827 ἔξαπολλύς
1063 3749 1169 3837 μόρου.
1209 3758 1259 3816 Pr.
1276 3757 1331 3817 47:

251 3858 312 3917 τοῖν
334 3858 389 3916 νῦν
411 3851 569 3936 παρόντων
584 3849 672 3918 οῦδὲν
695 3856 773 3918 αἰτία
795 3855 889 3936 τέχνη.
923 3861 981 3934 frg.
997 3865 1074 3921 289:
1097 3853 1189 3941 ὀργῆς
1204 3858 1332 3936 ματαίας

252 3957 326 4020 alcio
347 3957 434 4020 αίτιοι
456 3953 548 4042 λόγον.
591 3961 721 4023 Ratione
750 3962 895 4041 peculiari
925 3963 1082 4038 genetivus
1111 3983 1259 4041 personae
1280 3965 1331 4023 ad·

252 4083 349 4124 nexus
379 4073 424 4124 est
453 4065 506 4126 oh.
531 4069 610 4125 265:
640 4062 668 4125 εί
689 4058 730 4142 μιΙ
753 4061 866 4143 μέτειμι
895 4067 951 4125 τοῦ
973 4060 1085 4145 πατρός
1114 4059 1184 4138 τούς
1205 4063 1329 4137 αἰτίους.

252 4169 308 4228 Est
329 4167 409 4228 anim
431 4168 568 4230 absoluta
592 4169 810 4250 quodammodo
834 4169 947 4230 dictum
969 4191 1024 4248 pro
1047 4163 1147 4247 φόνον
1163 4167 1259 4243 αίτιος
1280 4172 1331 4251 (oi.
