2850 4590
590 626 785 683 Adnotatio.

236 759 433 823 Quaestiones
456 759 492 817 de
514 758 655 833 genetivo
676 759 854 836 possessivo,
877 759 1052 837 subjective,
1077 759 1226 835 objectivo

151 845 292 941 quoniam
314 863 350 920 ad
372 863 464 921 ἧοοαι
485 862 693 940 perduximus,
723 864 881 943 quoniam,
904 884 993 944 quam
1015 883 1103 940 saepe
1126 865 1227 920 utatur

150 966 318 1044 Aeschylus
340 965 460 1024 illorum
482 966 547 1025 loco
571 966 799 1043 pronominibus
818 966 996 1044 possessivis
1018 972 1049 1025 et
1069 963 1227 1042 adjectivis

150 1071 293 1129 habemus
315 1068 510 1143 intellectum,
532 1071 683 1144 addamus,
708 1070 733 1129 si
756 1071 863 1147 placet,
886 1070 923 1129 ad
947 1089 1033 1129 usum
1054 1068 1139 1128 illum
1162 1089 1228 1146 spe·

151 1173 264 1233 stantia
285 1192 389 1252 pauca.

656 1361 724 1440 §1-

236 1480 440 1541 Parallelismo
464 1482 590 1560 quodam
613 1481 710 1540 eidem
726 1482 839 1541 nomini
862 1481 1025 1560 apponitur
1047 1487 1084 1539 et
1106 1480 1228 1556 adjecti-

151 1607 235 1658 vum,
266 1586 344 1665 quod
368 1585 500 1658 genetivi
524 1589 624 1663 partes
648 1585 787 1662 suscipit,
817 1586 881 1646 sive
903 1605 1067 1663 pronomen
1090 1605 1168 1661 poss.
1193 1589 1229 1642 et

151 1690 309 1764 genetivus
331 1687 457 1746 articulo
480 1709 539 1747 non
563 1689 678 1766 positor
936 1697 938 1700 ‘

237 1792 269 1869 α)
292 1791 473 1867 adjectivum
495 1792 559 1852 sivc
577 1812 663 1868 pron.
679 1793 841 1869 praecedit,
864 1791 1056 1869 subsequitur
1072 1790 1229 1864 genetivus

153 1899 233 1955 Pers.
252 1902 284 1955 8:
308 1889 388 1968 ἀμφὶ
411 1889 442 1952 δὲ
465 1888 561 1976 νόστῳ
584 1896 624 1975 τῷ
647 1893 784 1975 βασιλείῳ
807 1890 857 1951 καὶ
876 1887 1066 1970 πολυχρύσου
1081 1895 1229 1971 στρατιᾶς.

153 2003 207 2073 Ag.
239 2004 333 2059 1268:
367 1990 531 2056 uuadoovo'
562 1991 637 2074 ἐμήν
665 1990 884 2076 Ἀγαμέμνονός
913 2016 943 2055 τε
973 2000 1089 2074 μοῖραν.
1143 1999 1228 2056 Eum.

155 2105 230 2162 703:
252 2093 401 2178 χρησμοῦς
423 2093 493 2170 τούς
514 2095 606 2176 ἐμούς
628 2121 656 2159 τε
679 2097 729 2160 καὶ
754 2095 836 2170 Διός.
882 2102 1015 2179 (lhoeph.
1035 2106 1110 2158 489:
1132 2100 1229 2174 θῆλυν

152 2198 277 2283 ἄρσενός
304 2196 335 2262 θ’
357 2195 434 2279 ὁμοῦ
458 2197 529 2282 γόον
551 2206 604 2282 (Μ.
628 2197 727 2283 γόνον.
751 2225 779 2265 v.
803 2223 870 2282 pag.
889 2207 951 2282 29).
996 2206 1045 2262 Pr.
1069 2208 1147 2262 412:
1176 2196 1230 2259 τάν

153 2302 230 2368 σοαν
252 2300 458 2383 ξνομαιμόνων
480 2327 509 2366 τε
531 2300 627 2384 τιμάν.

240 2409 273 2490 β)
294 2411 393 2470 rarius
415 2411 567 2488 praecedit
588 2412 745 2486 genetivus
768 2431 803 2470 ac
825 2410 961 2490 sequitur
983 2410 1040 2485 adj.
1057 2409 1121 2468 sive
1144 2430 1230 2485 pron.

156 2518 238 2574 Pers.
265 2516 319 2573 17:
348 2507 380 2573 td
404 2507 530 2573 Σούσων
559 2506 607 2590 ἠδ’
629 2505 819 2592 Ἀγβατάνων
843 2511 848 2595 Ι
873 2509 925 2571 καὶ
954 2506 987 2571 τό
1010 2505 1137 2570 παλαιόν
1162 2510 1231 2570 Κίο-

155 2635 220 2677 σιον
242 2613 336 2694 ἕρκος.
380 2619 515 2677 ib.160:
539 2610 571 2677 τὸ
596 2616 729 2695 Δαρείου
752 2637 781 2675 τε
803 2609 900 2692 adadu
922 2610 1025 2675 κοινόν
1047 2607 1230 2694 εὐνατήριον.

240 2723 271 2798 γ)
293 2720 461 2795 Singularis
490 2727 536 2780 est
563 2721 648 2780 locus
670 2723 755 2781 Eum.
782 2728 836 2780 89:
865 2712 1052 2793 αὐτάδελφον
1081 2710 1155 2795 αἷμα
1181 2714 1232 2776 καὶ

155 2824 261 2881 κοινοῦ
277 2816 399 2902 πατρός,
424 2845 551 2903 quocum
573 2830 674 2902 potest
696 2825 861 2903 comparari
878 2825 966 2884 Hom.
984 2824 1037 2883 Od.
1053 2824 1139 2895 XVI,
1156 2828 1231 2881 300:

155 2918 227 3000 ἐμός
249 2923 311 2986 ἐσσι
333 2923 384 2985 καὶ
406 2925 531 3004 αἵματος
555 2919 715 3005 ἡμετέροιο.

659 3115 729 3195 §a

241 3237 288 3295 Ad
304 3236 365 3298 vim
387 3237 574 3313 pronominis
594 3237 643 3296 vol
665 3237 806 3313 adjectivi
829 3236 999 3315 possessivi,
1023 3235 1101 3314 quod
1119 3254 1231 3306 vocem,

156 3340 326 3399 distinctius
357 3340 613 3400 determinandam
643 3347 673 3401 et
694 3341 860 3414 augendam
891 3340 1048 3414 genetivus
1071 3339 1155 3416 quasi
1179 3358 1233 3414 per

156 3443 354 3520 appositionis
377 3444 502 3518 figuram
525 3445 716 3505 adscribitur.
751 3445 897 3521 Exempla
919 3449 990 3503 sunt
1011 3462 1133 3519 perrara
1154 3442 1233 3519 apud

155 3547 347 3626 Aeschylum.

242 3651 272 3726 α)
296 3671 399 3726 pron.
422 3655 478 3726 Ag.
498 3652 595 3712 1276:
618 3649 705 3729 ῥῆσιν
720 3645 741 3727 ἢ
755 3653 875 3728 θρῆνον
890 3646 969 3709 θέλοι
986 3643 1057 3726 ἓμὸν
1072 3643 1124 3707 τόν
1140 3643 1233 3723 αὐτῆς

156 3755 208 3832 (se.
233 3751 345 3832 εἰπεῖν).
361 3789 403 3799 -
426 3753 527 3834 [Eum.
544 3760 620 3818 954:
643 3757 711 3837 νικᾷ
734 3748 760 3813 d’
783 3748 908 3834 ἀγαθοῖν
924 3750 935 3837 ΙΙ
952 3750 1013 3831 ἔρις
1034 3743 1160 3830 ἡμετέρα
1183 3743 1234 3811 διὰ

156 3850 269 3926 παντός
291 3878 366 3938 quae
389 3862 482 3921 verba
511 3861 728 3938 interpretatur
748 3860 941 3920 Schuetzius:
970 3860 1134 3936 „bonorum
1163 3856 1232 3915 lites

156 3981 230 4043 quas
252 3983 334 4022 meas
354 3965 440 4038 facio,
465 3985 582 4042 sempor
604 3965 757 4025 vincunt.“
790 3967 832 4022 At
850 3955 977 4041 ἀγαθῶν
992 3967 1044 4020 aut
1065 3959 1233 4038 appositive

157 4067 328 4143 pronomini
351 4058 478 4145 ἡμετέρα
501 4069 635 4126 additum
665 4072 711 4126 est
740 4072 791 4125 ant
821 4072 865 4125 est
888 4065 1045 4140 genetivus
1069 4064 1234 4140 objectivus

154 4169 223 4247 (nos
245 4170 359 4244 „Streit
386 4191 443 4229 um
473 4172 525 4229 das
549 4172 647 4231 Gute“
677 4176 712 4230 ut
741 4172 886 4230 transfert
908 4169 1094 4248 Droysenus)
1117 4169 1153 4227 ef.
1178 4167 1233 4226 Od.
