2850 4590
642 261 876 371 -οεέ

207 453 278 528 τούς
310 454 403 529 θεοός
424 495 466 508 —
490 456 670 539 ἇναφέρεται
700 464 817 522 addunt
838 461 929 539 roeo.)
949 496 992 506 -
1021 461 1102 540 Sept.
1128 467 1204 522 101:
1233 454 1289 521 κά-

207 584 295 642 ταγος
317 557 372 639 οὐχ
397 558 466 634 ἓνός
487 559 578 642 δορός
599 571 681 626 reete
704 566 778 626 dioit
806 565 983 624 Schuetzius
1012 565 1166 625 subaudiri
1196 559 1290 624 ιἰκοό-

208 668 291 741 εται.)
313 699 356 711 -
384 670 441 741 Ag.
466 672 544 726 446:
574 664 606 726 ἐν
628 660 654 726 δ’
676 662 791 738 άίστοις
819 664 994 738 τελέθοντος
1017 661 1098 737 οότις
1119 658 1195 728 eiius}
1217 669 1289 740 „ob-

207 769 286 828 seuri
309 772 373 845 ejus
396 771 480 829 nullo
501 772 548 832 vis
571 775 635 830 est“
659 773 695 829 ef.
718 771 859 831 Weekl.
882 770 1027 843 „Studien
1049 791 1088 830 su
1102 771 1289 847 Aeschylus“

208 893 236 948 p.
261 878 309 931 23.
333 906 375 916 -
406 873 542 932 Addstur
564 873 665 951 Suppl.
690 879 748 932 23:
780 859 823 931 oio
846 866 948 945 πόλις,
980 860 1023 932 οἷν
1044 874 1083 951 γῆ
1110 868 1160 932 καί
1183 865 1291 931 λευκόν

207 967 289 1053 ίίθωρ
309 971 313 1056 i
334 967 444 1032 iiuovoi
459 994 489 1032 τε
500 974 576 1045 θεοί,
600 973 649 1034 καί
665 969 823 1052 βαρύτιμοι
842 974 846 1056 λ
863 969 982 1051 χθόνιοι
997 969 1099 1053 θήκας
1110 972 1289 1052 κατέχοντες,

207 1073 256 1135 καλ
281 1069 357 1146 Ζεός
379 1070 477 1154 σωτὴρ
500 1075 597 1155 τρίτος
619 1111 671 1150 -,
695 1070 810 1149 δέξαιθ’
832 1074 932 1154 ἱκέτην
951 1074 955 1152 Ι
975 1069 1027 1137 τόν
1047 1111 1090 1121 -
1112 1071 1215 1137 στόλον
1237 1113 1288 1136 -—.
1400 1076 1406 1088 '

206 1182 399 1240 Hermannus
433 1181 638 1258 comprobavit
670 1183 749 1260 quod
783 1181 908 1241 exhibet
940 1182 1035 1241 codex
1065 1182 1232 1242 Robortelli
1264 1167 1289 1240 oi

206 1277 292 1351 πόλις
315 1270 339 1342 oi
362 1284 408 1361 γῆ.
452 1283 510 1340 Sed
534 1304 594 1341 non
618 1288 663 1342 est
685 1286 764 1363 quod
786 1285 960 1344 repedemus
982 1303 1001 1344 α
1022 1285 1157 1345 Ιοοιὶοοο
1175 1285 1287 1344 eodiois

207 1386 334 1444 Medicei
359 1373 512 1455 siveritis,
536 1372 578 1443 siv
593 1387 631 1464 γῆ
653 1408 693 1447 so.
717 1384 785 1446 ἐστί.
819 1393 864 1447 Ao
885 1388 992 1447 merito
1016 1388 1182 1466 sompersri
1202 1390 1289 1464 jubet

208 1490 369 1562 Burgesius
386 1488 594 1562 Vergilianum
616 1489 684 1563 „Di
708 1491 846 1570 quibus
869 1491 1027 1568 imperium
1050 1498 1109 1550 est
1131 1491 1205 1551 eoeli
1228 1497 1288 1549 ter·

206 1612 317 1671 raeque
340 1591 491 1670 marisque
514 1597 545 1650 et
565 1591 736 1652 Ennianum
759 1594 913 1670 „Jupiter,
943 1599 1036 1673 tuque
1057 1595 1144 1652 deum
1175 1613 1288 1652 summe

205 1697 265 1769 Sol,
288 1716 336 1755 res
352 1714 454 1754 omnes
473 1694 524 1772 qui
545 1693 680 1772 inspicis,
705 1696 824 1776 Quique
845 1695 960 1755 lumine
978 1702 1030 1756 tuo
1046 1697 1150 1773 marie,
1173 1697 1287 1756 eoelum

206 1819 240 1858 eo
262 1806 373 1858 terrem
396 1796 568 1856 oonseris“?

292 1903 350 1961 Sed
373 1922 410 1960 ne
434 1901 507 1979 quid
530 1901 635 1962 videet
649 1902 817 1977 negligere,
840 1902 997 1976 genetivus
1020 1903 1078 1961 rei
1100 1902 1287 1980 possessivus

206 2011 306 2066 exstat
329 2010 384 2079 Ag.
409 2005 488 2064 367:

515 2101 574 2180 „osi
596 2100 655 2187 γάρ
678 2103 757 2166 ἔστιν
778 2104 895 2178 ίνταλξις

514 2203 647 2269 πλούτου
669 2203 746 2289 πρός
766 2206 860 2287 κόρον
883 2205 972 2288 άνὸρί

513 2312 680 2372 λακτίσαντι
702 2308 795 2392 μέγαν
817 2312 913 2382 Δίκας

515 2409 620 2491 βωμόν
642 2412 684 2485 είς
706 2408 863 2491 ἀφάνειαν.

206 2519 312 2595 (verbe
341 2523 411 2577 sunt
437 2520 592 2595 jungendo
621 2512 658 2576 οὐ
688 2511 744 2596 γάρ
774 2514 853 2577 ἐστιν
883 2515 1002 2589 ἔπαλξις
1027 2512 1159 2578 πλούτου
1180 2514 1288 2588 -είς

207 2615 369 2698 α’φάνειαν)
392 2622 450 2680 nisi
472 2622 567 2682 msvis
589 2621 690 2696 legere
712 2618 729 2679 ί
735 2636 830 2694 στιν,
853 2626 888 2680 ut
910 2615 1043 2680 πλοότου
1065 2620 1224 2695 genetivus
1246 2622 1287 2679 sit

207 2725 407 2803 oppositivus,
443 2725 606 2801 eujusmodi
637 2724 724 2802 posui
753 2723 890 2802 exemplo
918 2743 985 2801 pag.
1008 2730 1041 2785 4:
1074 2724 1178 2801 Suppl.
1207 2729 1286 2783 445:

207 2820 322 2904 μηχανά
346 2822 525 2901 συζωμάτων
547 2831 604 2903 frg.
623 2831 692 2886 129.
715 2859 757 2872 -
778 2826 870 2903 Soph.
886 2827 933 2886 Ai.
954 2831 1031 2888 1592
1051 2821 1170 2907 πύργον
1192 2825 1283 2905 ῥῦμα.

207 2931 248 2991 ib.
276 2931 372 2990 1076:
394 2922 553 3011 πρόβλημα
575 2922 677 3005 φόβον
699 2925 748 2987 καλ
773 2925 885 2998 αἰδοῦς.

292 3033 325 3111 b)
347 3035 520 3112 subjeetum
543 3041 589 3095 est
603 3031 782 3105 infinitivus,
807 3052 865 3112 quo
881 3033 1044 3093 eonvenite
1059 3033 1149 3093 ulioui
1171 3033 1285 3114 aliquid

208 3139 377 3198 denotatur.
414 3142 469 3212 Ag.
486 3142 562 3197 904:
585 3128 669 3196 οίίτοι
690 3128 834 3214 γυναικός
856 3132 935 3195 ἔστιν
957 3133 1080 3215 ἱμείρειν
1102 3130 1205 3215 μάχης.
1243 3138 1285 3197 ib.

213 3246 308 3300 1313:
336 3241 391 3299 τοῦ
413 3232 546 3318 δρῶντός
567 3235 627 3298 ἐστι
649 3236 701 3297 καί
723 3230 756 3295 τό
779 3235 938 3314 βουλεῦσαι
960 3233 1028 3317 κίρι
1051 3240 1286 3318 (Interpretatur
1342 3282 1343 3286 ,

207 3343 421 3404 Scholefieldus
448 3343 519 3422 „qui
549 3342 664 3422 aliquid
686 3342 820 3401 fecturus
843 3341 895 3414 sit,
919 3361 999 3402 eum
1021 3344 1111 3402 etiem
1134 3343 1284 3404 delibe-

206 3469 293 3508 rare
308 3448 394 3507 deest
412 3447 448 3506 de
466 3466 506 3505 re
520 3445 680 3521 gerende“.
713 3445 890 3506 Sohuetzius
905 3441 974 3525 πέρι
988 3447 1117 3507 mutavit
1137 3446 1170 3504 in
1185 3442 1284 3525 κίρα).

208 3585 249 3596 -
267 3553 324 3626 frg.
343 3555 421 3609 369:
443 3540 563 3628 ἀνδρῶν
584 3542 641 3628 γάρ
663 3545 742 3608 ἔστιν
757 3545 883 3609 ἐνδίκων
905 3569 935 3608 τε
956 3545 1007 3608 καὶ
1029 3551 1133 3623 σοφοῖν
1152 3547 1157 3631 Ι
1177 3546 1209 3609 ἒν
1223 3552 1286 3619 τοῖς

206 3655 326 3712 κακοῖσι
356 3645 397 3728 μὴ
419 3653 619 3727 τεθυμῶσθαι
648 3654 743 3722 θεοῖς.
797 3644 985 3734 [Εόρικίόον
1015 3653 1094 3731 apud
1124 3652 1284 3714 Stobeeum

208 3760 279 3828 108,
303 3760 353 3828 43,
377 3754 428 3834 qui
450 3757 543 3815 habet
564 3747 684 3834 sisipoiv
705 3748 783 3814 τάδ’
810 3751 889 3815 ἔστιν
910 3789 962 3816 -.
1005 3757 1099 3830 „mihi
1121 3777 1193 3818 vero
1217 3777 1284 3831 gre·

207 3859 301 3920 vitate
324 3858 408 3932 digni
430 3858 573 3919 videntur
593 3859 793 3937 Aesohyli‚
816 3859 865 3918 eui
886 3860 1062 3919 tribuuntur
1084 3860 1284 3920 ePlutsroho

208 3966 284 4022 eto.“
327 3959 458 4022 Valek.
480 3961 578 4019 Dietr.
600 3960 634 4019 in
656 3964 728 4022 Eur.
751 3962 833 4040 perd.
857 3963 948 4021 drsm.
971 3962 1024 4022 rel.
1048 3981 1115 4040 peg.
1132 3963 1219 4041 238}
1242 3997 1284 4008 -

208 4066 390 4124 Neutrum
423 4063 666 4141 pronominis
698 4057 764 4123 όὸε
796 4069 856 4123 tem
889 4065 920 4124 in
952 4064 1099 4140 singulari
1129 4085 1219 4147 quem
1250 4069 1285 4127 in
