2850 4590
559 302 770 367 -ee-

215 447 311 535 γόος.
349 457 401 516 ch.
420 460 497 516 321:
520 454 656 539 πατέρων
678 480 706 518 τε
730 456 780 520 καί
799 453 943 521 τεκόντων
958 458 1030 542 γόος
1050 463 1208 541 „planetus

128 559 361 637 deponentibus
385 560 521 620 eooisis“.

213 656 431 743 όλολυγμύς.
469 667 522 726 ch.
547 666 625 739 375:
649 663 820 744 ἐφυμνῆσαι
844 703 885 713 -
908 662 1074 749 ὀλολυγμὸν
1096 664 1209 748 ἀνδρός

126 762 315 841 θεινομένου.

213 860 331 948 ἀλγος.
377 871 459 931 Pers.
484 876 561 932 826:
592 873 692 931 κακοῖν
720 864 770 931 ἀπ’
798 865 915 954 ἀλγους.
961 870 1074 955 (ἀλγεῖν
1097 896 1121 937 e.
1144 895 1204 936 aee.

127 975 179 1033 Oh.
208 977 296 1032 1013.
326 974 408 1033 Pers.
438 975 539 1052 1016.)
591 975 742 1049 Singulari
774 979 901 1057 quadam
932 978 1059 1039 audacia
1087 980 1206 1058 poetica

127 1077 238 1137 dietum
268 1082 314 1137 eat
342 1081 397 1151 Ag.
422 1083 477 1138 50:
508 1075 658 1148 ἐκπατίοις
689 1073 786 1158 ἀλγεσι
818 1080 935 1140 παίδων
965 1075 1074 1142 ύπατοι
1101 1079 1206 1159 λεχέων

127 1177 400 1257 στροφοδινοῦνται.
434 1172 545 1260 (ἀλγεῖν
569 1201 592 1241 o.
618 1202 684 1256 gen.
705 1185 760 1256 Ag.
779 1189 855 1244 549:
877 1177 928 1243 τόν
950 1186 1044 1257 ζοῖυτα
1067 1177 1092 1243 δ’
1108 1180 1208 1265 ἀλγεῖν

51 1272 53 1276 ⁴
126 1276 181 1360 χρῆ
204 1276 292 1359 τύχης
313 1280 499 1360 παλιγκότου.
532 1305 599 1358 gen.
623 1291 669 1344 eet
691 1291 819 1364 euusae.)
863 1287 919 1346 sed
948 1289 1049 1348 eadem
1080 1289 1204 1348 audaeia

127 1387 205 1448 dixit
236 1390 289 1460 Ag.
315 1388 368 1445 70:
401 1378 469 1443 ούτε
499 1381 638 1466 δακρύων
668 1381 794 1466 ἀπύρων
825 1386 913 1466 ίεραῖυ
939 1388 944 1472 Ι
970 1383 1063 1469 όργάς
1093 1386 1204 1461 ἀτενεῖς

127 1485 304 1568 παραθέλξει
327 1490 421 1562 „iram
445 1492 482 1548 ob
506 1509 589 1550 saera
611 1488 870 1565 igne'oerentia‘fi
900 1512 1078 1573 quamquam
1104 1495 1202 1554 looum

126 1597 206 1654 hune
236 1593 493 1651 intricatissimum
524 1615 588 1652 esee
617 1597 711 1671 probe
734 1596 804 1655 eeio.
851 1597 939 1656 Multi
961 1597 1083 1673 majoris
1113 1599 1202 1657 etiam

127 1705 172 1757 est
187 1695 328 1756 momenti
348 1696 427 1774 quod
441 1696 596 1757 invenitur
611 1700 690 1775 apud
705 1699 869 1759 Homerum
887 1700 941 1758 od.
956 1700 997 1773 II,
1014 1705 1064 1759 24.
1087 1701 1204 1774 XXIV,

126 1807 204 1860 425:
235 1799 301 1857 τοῦ
331 1792 347 1856 ό
371 1819 401 1877 γε
432 1795 642 1874 δακρυχέων
664 1802 723 1858 κτλ.
766 1801 906 1861 Forsitan
930 1802 973 1861 eie
995 1803 1035 1861 eit
1056 1803 1203 1881 aecipien-

127 1905 181 1962 δατ
197 1901 354 1976 genetivus
369 1904 455 1963 Eum.
469 1908 546 1962 232:
569 1904 636 1960 τοῦ
659 1901 951 1982 προστροπαίου
974 1907 1084 1980 μῆνις
1101 1926 1203 1985 quam-

127 2026 215 2086 quam
238 2005 437 2081 subjectivum
460 2026 526 2065 eum
550 2026 614 2065 esse
636 2006 723 2084 („ira,
748 2025 834 2086 quam
858 2012 960 2067 movet
982 2008 1142 2086 supplex“)
1161 2044 1203 2051 -

127 2111 202 2167 eonf.
219 2127 285 2185 pag.
304 2114 342 2166 28
360 2143 400 2151 —
418 2109 468 2189 qui
485 2109 648 2181 contendit,
670 2109 734 2187 ipse
751 2129 870 2190 quoque
886 2109 1088 2170 assensionem
1103 2117 1203 2188 potest

125 2215 245 2272 habere.
262 2246 303 2256 -
326 2213 439 2270 Eodem
461 2214 548 2272 modo
573 2233 605 2272 ee
627 2214 719 2272 habet
740 2233 788 2272 res
810 2215 849 2273 ib.
867 2214 944 2275 497:
967 2206 1054 2272 τοῖνδ’
1076 2211 1201 2294 έφέρψει

125 2310 241 2385 κότος
263 2335 306 2384 τις
328 2308 489 2394 έργμοίτωυ.
534 2317 583 2374 Pr.
608 2320 685 2375 448:
709 2301 758 2374 aiv
781 2307 885 2375 δέδωκ’
908 2310 1064 2377 εύυοιαν
1086 2312 1206 2398 ἐξηγού-

126 2440 223 2496 μενος.

213 2525 241 2602 α)
265 2523 389 2580 Minime
419 2526 488 2580 sunt
518 2522 737 2598 praetereunda
768 2523 956 2584 substantiva
987 2524 1046 2583 alia.
1069 2530 1209 2585 concrete

125 2627 268 2706 peculiari
292 2626 379 2684 modo
403 2644 469 2684 eum
493 2645 560 2698 gen.
577 2627 635 2701 obj.
659 2627 835 2702 conjuncta:
859 2631 914 2700 Ag.
936 2631 1009 2686 181:
1033 2628 1151 2686 πνοαί
1165 2663 1207 2672 -

125 2729 242 2808 βροτῶν
265 2721 349 2786 ἀλαι
372 2748 508 2802 „errores
532 2728 687 2788 hominum
709 2729 729 2786 i.
746 2750 770 2789 e.
795 2730 846 2808 qui
869 2729 1007 2788 homines
1037 2750 1138 2789 errore
1161 2752 1209 2791 oo-

126 2840 227 2909 guut“.
254 2868 291 2876 --·
316 2830 476 2910 τροπαία
498 2851 538 2890 ee.
563 2824 641 2910 αίίρα
664 2831 714 2908 (ef.
738 2831 844 2891 Blomf.
868 2832 957 2906 gloss.
981 2832 1018 2891 ad
1041 2837 1097 2906 Ag.
1123 2835 1207 2922 212),

125 2947 253 3011 „ventus
284 2937 334 3018 qui
366 2935 593 2995 conversionem
620 2937 699 2994 fert“
722 2971 763 2980 -—
788 2939 842 3012 Ag.
866 2942 942 2996 2062
974 2929 1084 3015 φρενός
1108 2934 1208 2996 πνέων

125 3040 254 3118 δυσσεβῆ
270 3038 415 3116 τροπαίαν
430 3039 676 3111 „conversionem
692 3039 784 3098 animi
806 3039 838 3098 in
861 3040 986 3116 impium
1002 3039 1209 3118 propositum“

125 3148 232 3205 Blomf.
249 3178 290 3187 —
312 3145 366 3202 (ih.
384 3143 460 3204 756:
482 3140 626 3220 τροπαίαν
653 3135 728 3211 Ζεύς
750 3143 851 3200 κακῶν
876 3138 965 3219 θῆσει
988 3143 1100 3220 (Sehol.
1124 3163 1208 3218 μετα·

125 3240 260 3324 τροπήν).
314 3247 441 3321 Perapte
464 3241 570 3304 Blomf.
602 3251 754 3322 eomparat
783 3247 854 3305 Eur.
879 3246 923 3306 El.
951 3251 1049 3305 1148:
1082 3241 1206 3322 ἀμοιβαὶ

125 3350 240 3408 κακῶν·
265 3340 443 3425 μετάτροποι
465 3343 608 3405 πνέουσιν
632 3335 720 3426 αύραι
745 3339 857 3423 δόμων.
876 3383 914 3392 --
940 3349 1098 3408 simillime
1120 3369 1210 3408 usur·

124 3459 214 3531 patur
236 3444 465 3527 ἀντροπαίαε
489 3451 570 3526 Sept.
588 3456 666 3510 689:
688 3444 816 3528 λῆματος
832 3444 1008 3535 ἀντροτταίρι,
1031 3453 1082 3512 ubi
1106 3458 1208 3512 tamen

124 3558 231 3616 Blomf.
255 3553 385 3631 eonjeeit
405 3546 534 3629 λῆματος
557 3550 588 3612 έν
610 3553 747 3636 τροπαίᾳ.
794 3557 933 3615 Praestat
955 3561 1054 3614 autem
1077 3558 1206 3615 fortasse

107 3661 255 3741 'seribere
286 3650 322 3715 ἀν
350 3654 497 3738 τροπαίᾳ,
527 3662 562 3714 ut
592 3649 628 3714 ἀν
659 3657 696 3715 ad
723 3651 917 3731 μεταλλακτός
940 3658 1105 3735 pertineat,
1137 3638 1208 3738 quia

125 3759 312 3841 ἀνατροπαία
335 3781 394 3819 non
419 3766 478 3819 tam
502 3760 666 3834 „mutatio“
690 3766 734 3819 eet
758 3780 847 3840 quam
871 3762 1036 3834 „eversio“.
1058 3794 1099 3805 -
1122 3764 1207 3818 συλ-

124 3861 230 3944 λαβῆ.
264 3865 367 3941 Suppl.
385 3870 461 3922 440:
489 3859 544 3939 έχω
561 3856 706 3940 στρόβους
728 3856 821 3933 ζεόυας
844 3883 883 3934 τε,
908 3856 1054 3938 συλλαβάς
1077 3859 1206 3922 πέπλων.

125 3963 254 4046 συλλαβή
277 3976 323 4028 eet
345 3967 549 4042 ‚,vineulum“.

210 4074 393 4148 Conjunetos
416 4069 523 4127 deinde
544 4069 617 4126 duos
640 4068 721 4126 inter
736 4088 767 4127 ee
783 4067 951 4127 simillimos
974 4069 1055 4128 ineos
1071 4068 1209 4127 nomino:

125 4181 180 4251 Ag.
210 4180 305 4234 1564:
336 4168 462 4251 παρέσχε
486 4169 571 4228 δαῖτα
595 4168 739 4229 παιδείων
761 4171 857 4249 κρευῖυ
880 4177 909 4230 et
933 4176 989 4245 Ag.
1015 4177 1091 4230 318:
1114 4164 1209 4241 πόνος

979 4280 1002 4330 ‘A
