2850 4590
619 306 811 371 ..ς-

175 464 325 540 genetivo.
369 461 426 523 sed
450 464 528 522 hano
551 469 731 524 structuram
763 464 799 521 ad
822 464 954 537 genetivi
978 463 1138 542 appositivi
1162 464 1254 523 ratio·

174 589 243 626 nem
266 588 330 626 esse
352 568 540 627 referendam
561 569 622 644 jam
646 572 691 626 est
712 567 744 625 in
767 568 877 644 aprico.
923 567 1009 626 Lioet
1032 566 1112 625 enim
1132 566 1253 626 illorum

174 671 445 742 substantivorum,
476 690 568 751 quum
597 690 652 747 per
680 690 711 728 ae
732 672 956 746 usurpabantur
977 669 1089 748 posita,
1121 674 1253 746 potestas

174 773 317 832 dissoluta
333 778 420 846 esset,
444 778 478 832 ut
498 772 542 831 ita
558 773 663 845 dioam,
687 777 718 831 et
740 773 903 844 debilitata,
926 777 1035 845 tamen,
1058 772 1109 831 ubi
1126 772 1253 831 aiterum

173 874 268 935 altero
298 876 518 952 adjungebatur
548 875 704 949 genetivo,
734 880 840 953 poetae
871 877 1016 935 naturalis
1039 878 1254 936 obversabatur

174 978 354 1052 significatio
377 985 407 1038 et
429 976 605 1056 principalis
628 965 701 1037 adeo
724 984 758 1037 ut
780 977 863 1037 notio
885 978 1029 1056 superior,
1054 998 1180 1058 quaeum
1203 998 1252 1052 ge-

173 1081 293 1141 netivus
310 1085 375 1140 erat
390 1083 577 1156 oonjunotus,
600 1101 695 1155 genus
711 1081 831 1160 aliquod
850 1083 1006 1155 indicaret,
1030 1083 1108 1162 qnod
1125 1082 1253 1141 seeundo

173 1204 243 1244 oasa
272 1184 390 1263 planius
422 1183 606 1243 definiretur.
652 1184 738 1249 Quod
770 1204 857 1264 qnam
887 1190 968 1243 reete
995 1184 1124 1243 dixerim
1152 1189 1186 1243 ut
1214 1184 1254 1243 sit

172 1287 203 1345 in
227 1287 401 1365 propatulo,
425 1286 642 1364 percenseatis,
667 1306 791 1366 quaeso,
815 1286 950 1364 exempla
973 1288 1062 1347 haee:
1093 1287 1178 1361 πῆμα
1202 1278 1252 1344 νό-

173 1405 228 1447 σου
242 1390 269 1468 ¹)
301 1395 356 1464 Ag.
381 1394 440 1447 814
464 1389 483 1448 i.
501 1408 525 1448 e.
549 1390 766 1462 „oalamitates,
799 1394 946 1469 quatenus
968 1391 1071 1448 morbo
1094 1389 1251 1449 eontinen-

173 1496 251 1551 tur“.
296 1486 501 1569 σκιρτημάτων
530 1484 664 1566 νήστιδες
693 1489 786 1549 αίκίαι
808 1494 858 1550 Pr.
883 1497 942 1550 598
967 1493 986 1552 i.
1009 1513 1033 1552 e.
1057 1492 1252 1564 „vexationes

173 1614 249 1674 qnae
272 1599 411 1654 constant
434 1593 585 1654 saltibus&
631 1588 733 1653 τοιάδε
755 1587 897 1673 συμφορά
920 1590 1043 1664 πάθους
1072 1596 1154 1654 Pers.
1178 1600 1250 1653 434.

173 1696 238 1756 τίνα
261 1691 346 1773 τήνδε
377 1690 537 1775 συμφοράν
566 1698 668 1756 κακῶν
690 1699 773 1756 Pers.
796 1703 867 1756 433.
913 1693 962 1756 ἐπὶ
985 1698 1126 1780 συμφορᾷ
1156 1698 1252 1754 κακοῦ

171 1835 213 1845 -
239 1805 329 1858 1001.
376 1801 432 1859 His
454 1805 525 1860 sunt
547 1801 754 1876 subjungenda
776 1804 830 1874 Ag.
857 1805 953 1861 1493:
976 1794 1120 1876 άμηχαντῖ
1142 1818 1250 1878 φρον-

172 1901 280 1972 τίδος
302 1899 458 1980 στερηθείς
481 1895 707 1978 εὐπαλάμων
729 1905 924 1981 μεριμνᾶν.
960 1894 1068 1980 χειμαίν
1089 1902 1177 1975 τυφῶ
1195 1905 1250 1977 Ag.

173 2012 243 2064 634.
280 2001 409 2084 λέκτρων
432 1997 521 2075 εὐνάς
543 1996 745 2083 ἁβροχίτωνας
766 2006 849 2065 Pers.
873 2011 944 2065 541.
982 2008 1018 2065 of.
1041 1999 1168 2081 λέκτρων
1189 2003 1250 2063 κοί-

170 2129 223 2178 τας
244 2111 315 2169 Eur.
340 2108 404 2168 Alo.
422 2114 492 2167 925.
525 2103 654 2186 λέκτρων
677 2101 761 2165 εὐναί
783 2109 871 2168 Here.
895 2110 965 2168 Fur.
984 2111 1053 2168 799.
1088 2108 1250 2168 Faeilioros

169 2211 263 2286 igitur
285 2212 417 2271 evadunt
438 2212 473 2270 ad
499 2211 711 2289 explioandum
732 2189 899 2272 iooutiones
922 2231 995 2292 quas
1017 2211 1160 2286 legimus:
1184 2211 1250 2286 τῆλε

171 2307 249 2393 πρδς
277 2312 443 2389 δυσμαῖς
476 2307 602 2382 άνακτος
628 2305 729 2372 Ἡλίου
760 2309 1043 2390 φθινασμάτων
1072 2318 1154 2375 Pers.
1179 2320 1249 2373 232.

172 2414 320 2477 ἐνυπνίων
341 2409 562 2492 φαντασμάτων
586 2412 598 2499 Η
623 2409 711 2492 ὄψεις
734 2418 814 2495 Sept.
839 2422 899 2476 694
923 2409 1009 2494 (ι’ίψις
1024 2445 1067 2469 =
1082 2420 1178 2478 visum
1201 2419 1250 2476 Pr.

173 2527 250 2580 644:
274 2513 362 2594 ὅψεις
377 2515 494 2597 ἔννυχοι
508 2511 719 2596 πωλούμεναι).
755 2513 916 2597 θραύματα
932 2517 1069 2598 ἐρειπίων
1084 2524 1166 2581 Pers.
1180 2526 1250 2578 423.

171 2616 275 2700 σκάφη
297 2623 372 2680 νεῶν
394 2624 476 2682 Pers.
494 2623 555 2681 417
580 2621 692 2700 (Sobel.
708 2624 764 2683 Me
788 2616 854 2679 άντλ
877 2624 931 2680 τοῦ
953 2621 987 2680 αί
1007 2625 1096 2701 νῆες).
1138 2626 1250 2683 Eodem

171 2746 261 2805 porro
290 2729 390 2804 potest
418 2727 540 2787 referri:
574 2717 687 2784 στάνων
717 2717 801 2807 deep
830 2725 910 2803 Sept.
937 2731 1004 2786 132.
1049 2731 1107 2789 M.:
1137 2722 1252 2787 στόνων

171 2823 274 2897 άυτάς.
319 2829 413 2888 Unioe
441 2849 545 2890 verum
574 2833 634 2901 est,
666 2829 745 2908 quod
774 2828 909 2888 restituit
930 2831 1136 2904 Hermannus,
1166 2823 1250 2912 άπάμ

172 2933 316 3010 (Hesyob.
351 2924 444 3007 ἠπάη,
480 2923 590 3008 φωνή).
647 2932 732 2988 Eum.
764 2937 844 2991 393:
881 2924 1029 3008 ἐξήκουσα
1064 2927 1250 3008 κληδόνος

171 3028 271 3111 βοήν.
303 3055 401 3114 neque
424 3035 544 3094 diversa
567 3037 637 3092 aunt
660 3051 736 3112 quae
757 3034 885 3108 legimus
907 3034 948 3093 ib.
971 3056 998 3097 v.
1024 3040 1099 3095 999:
1130 3029 1251 3110 μύθους

171 3135 263 3195 τῶνδε
285 3138 344 3195 τοῖν
366 3129 585 3215 κατευγμάτων.
627 3135 743 3194 Deinde
765 3137 928 3196 advooetur
950 3157 1071 3197 neeesse
1095 3144 1140 3197 est
1161 3141 1247 3198 Eum.

172 3241 227 3299 57:
251 3233 283 3296 τά
306 3240 426 3312 φῦλον
449 3233 507 3297 οὐκ
530 3231 640 3296 άπωπα
663 3230 744 3313 τῆσδ’
767 3230 892 3314 ὁμιλίας.
934 3231 1133 3316 δμιλίαίδοιο
1155 3262 1249 3320 prope

171 3363 235 3401 esse
258 3343 336 3422 quod
360 3335 465 3416 ὅμιλος
486 3343 574 3401 dooet
596 3341 788 3415 Schuetains,
817 3345 902 3420 eujus
925 3346 1060 3404 conferas
1082 3347 1249 3405 adnotatio-

170 3453 247 3505 nem.
292 3446 499 3517 Hermannus,
528 3445 584 3504 etsi
605 3445 702 3523 ipsam
725 3446 920 3522 reprehendit
942 3447 1078 3507 Subiitaii
1100 3449 1248 3525 interpre-

170 3548 329 3623 tationem,
352 3548 426 3607 dioit
447 3550 536 3608 haee:
564 3550 651 3621 „Hoo
674 3547 797 3619 dieitur,
826 3569 970 3623 „genus
992 3553 1103 3611 buius
1126 3553 1248 3611 sooie-

169 3652 291 3711 tatis“
306 3651 356 3712 vel
370 3651 583 3724 „nationem
598 3651 711 3709 huius
727 3652 875 3724 gentis“
891 3674 951 3713 non
967 3653 1058 3714 vidi.“
1074 3655 1249 3715 -Pariter

240 3838 265 3903 1)
282 3839 479 3900 Explicationem
498 3839 573 3898 igitur
591 3839 684 3887 habent
695 3837 840 3886 Homerica:
860 3839 906 3887 Od.
920 3841 966 3901 111,
985 3841 1047 3888 152:
1066 3841 1142 3906 πῆμα
1154 3848 1249 3894 κακοῖο.

169 3925 237 3983 XIV,
250 3928 314 3974 338:
332 3925 408 3988 πῆμα
422 3920 495 3987 δάης.
521 3924 657 3986 SopbPh.
674 3926 736 3972 765:
755 3919 790 3974 τδ
810 3923 903 3988 πῆμα
919 3924 979 3988 τῆς
996 3921 1103 3976 νόσου.
1129 3929 1169 3976 Αἰ.
1184 3932 1247 3978 363;

168 4004 197 4060 τὸ
217 4011 292 4074 πῆμα
309 4009 359 4073 τῆς
376 4001 449 4073 ἄτης.
479 4011 537 4058 vide
555 4011 669 4059 Eustatb.
688 4011 718 4057 ad
737 4009 783 4057 Od.
797 4011 843 4070 111,
864 4014 921 4069 152,
940 4027 964 4072 p.
978 4013 1053 4071 1461,
1067 4017 1113 4062 68:
1131 4009 1248 4080 Ὁμήρου

168 4088 281 4153 εἰπόντος
306 4093 380 4159 πῆμα
406 4082 520 4146 aeneid
540 4091 657 4160 ζηλωτής
683 4088 762 4145 edroi
780 4093 920 4160 Σοφοκλῆς
944 4096 1019 4162 πῆμα
1036 4090 1102 4163 ἄτης
1119 4097 1206 4164 φησὶν,
1235 4093 1248 4151 ‘d

170 4176 237 4230 ἐστιν
254 4171 305 4242 ἄτη
323 4179 531 4245 περιφραοτικῶς
