2850 4590
619 285 837 351 ..γρ--4

228 423 533 515 ’,ἀμφίζευκτος
579 441 662 500 Pers.
688 444 765 500 130:
789 433 841 500 τάν
863 431 1062 515 ἀμφίζευκτον
1083 436 1266 521 ἐξαμείψαςΙ

188 535 361 618 ἀμφοτέρας
376 533 460 601 ἀλιον
479 539 483 621 Ι
503 540 606 620 προῖνα
621 534 724 602 κοινάν
738 538 817 613 νίας.
862 542 1045 608 scholiastes
1059 544 1118 603 M.:
1141 541 1195 622 qui
1217 543 1268 605 ad.-

187 649 288 705 notet:
312 635 365 703 τύν
385 636 600 719 ἀμφίζευκτονε
630 636 682 704 τάν
704 636 913 723 ζευγνύντα
935 637 1028 720 ἀμφιο
1050 637 1103 715 vde
1124 635 1268 724 ἠπείρους

188 740 213 822 ἢ.
230 739 423 825 ζευγνύμενον
444 741 475 816 ἐξ
490 739 617 822 ἀμφοῖν.
656 739 681 823 ἢ
702 740 754 807 τύν
770 738 1004 823 ύποζενχθίντα·
1028 739 1120 823 dordr
1135 739 1191 827 γάρ
1214 739 1269 805 οιά·

189 842 241 908 τόν
256 845 394 925 ἐποίησεν
416 839 435 908 o‘
450 843 561 925 Ξέρξης
576 849 729 926 optionem
747 849 877 924 largitur
898 849 979 909 inter
995 849 1125 910 activam
1148 853 1179 909 et
1201 870 1268 927 pas-

189 951 286 1013 sivam
308 950 568 1026 significationem.
611 952 723 1015 Active
752 971 827 1019 vero
855 951 882 1013 si
904 951 1069 1029 accipiatur
1090 954 1149 1012 hoc
1170 953 1268 1030 adjec-

188 1055 302 1126 tivum,
323 1053 500 1128 genetivum
514 1046 689 1132 ἀμφοτέρας
706 1051 773 1124 νίας
787 1053 908 1114 facilius
923 1053 1019 1114 multo
1042 1057 1086 1124 ab¹
1100 1053 1156 1119 illo
1179 1073 1269 1134 quam

188 1160 226 1217 ab
248 1155 397 1233 adjectivo
421 1148 523 1227 κοινός
545 1157 704 1236 suspendi,
733 1156 772 1217 iis
800 1177 856 1231 ego
885 1156 938 1236 qui
960 1160 1078 1217 attento
1100 1155 1199 1222 animo
1222 1177 1268 1216 se-

190 1259 253 1321 cuti
275 1263 346 1320 sunt
366 1260 445 1319 hanc
466 1264 601 1319 nostram
622 1259 873 1339 disputationem,
894 1279 957 1319 non
978 1260 1067 1318 modo
1091 1259 1268 1330 confirmare

190 1364 243 1423 sed
264 1361 357 1422 etism
372 1363 554 1440 persuadere
575 1361 652 1421 mihi
669 1362 784 1424 videor.
829 1361 913 1428 Oonf.
932 1362 1015 1421 Pers.
1033 1362 1111 1422 727:
1134 1357 1269 1440 γέφυραν

189 1469 258 1544 γαῖν
280 1463 370 1523 δονεῖν
400 1463 636 1542 ζευκτηρίαν,
666 1464 720 1526 ubi
742 1465 842 1526 Schol.
859 1465 901 1523 M.
925 1465 1065 1524 adnotat:
1097 1457 1150 1522 τύν
1170 1455 1269 1539 Ἑλλή-

189 1585 319 1634 σποντον
340 1559 374 1637 ἀς
387 1559 539 1647 ζεύγνυσιν
549 1561 654 1625 Ἀσίαν
675 1563 724 1626 καί
741 1559 909 1644 Εάροῖπην.
953 1565 1186 1632 Nominavimus
1209 1567 1267 1643 adj.

188 1663 359 1748 ζευκτήριος
381 1689 472 1747 supra
493 1691 521 1748 p.
539 1673 588 1730 65.

274 1774 343 1832 Jam
364 1772 469 1834 vidore
499 1776 529 1831 te
558 1776 631 1851 puto
661 1791 721 1852 quo
746 1772 877 1831 tendam.
921 1770 1066 1835 Redimus
1087 1773 1209 1831 tandem
1231 1772 1269 1831 ad

187 1878 300 1950 locum,
330 1894 427 1954 aquo
451 1875 564 1950 egressi
592 1875 714 1949 longam
744 1875 836 1934 telam
857 1873 1020 1935 texuimus.
1042 1907 1085 1918 —
1114 1874 1269 1952 Adjectivi

194 1979 289 2056 igitur
310 1972 457 2047 adeamne
471 1977 575 2055 (Soph.
591 1977 626 2037 Ο.
642 1977 678 2037 R.
696 1976 773 2037 762:
795 1970 877 2036 τοῦδ’
892 1969 1027 2047 ἄποπτος
1042 1963 1161 2048 ἄστεως.
1194 1978 1268 2037 Eur.
1308 2002 1311 2008 ⁴

187 2083 263 2142 Hoc.
281 2085 379 2141 1135:
402 2073 538 2150 ὕποπτος
561 2072 602 2138 ἀν
618 2073 656 2156 δὴ
676 2081 812 2158 Τρωικῆς
834 2072 979 2150 ditiorem.
1014 2080 1109 2141 Thuc.
1124 2082 1150 2154 I,
1167 2084 1217 2154 42,
1234 2085 1268 2138 2:

188 2183 248 2245 τοῖν
270 2176 392 2243 πάντων
413 2174 661 2260 ἀπερίοπτοι.
706 2176 843 2253 ἀποπτος
863 2181 1107 2261 :suspiciosus
1129 2184 1156 2257 I,
1173 2182 1222 2256 75,
1239 2186 1268 2241 4.

188 2287 244 2361 IV,
261 2291 331 2360 lca,
348 2291 376 2345 4.
400 2287 437 2360 V,
461 2289 510 2359 25,
534 2285 575 2363 2).
602 2306 640 2345 ne
662 2306 749 2364 posse
772 2285 893 2366 quidem
920 2286 1065 2347 hocloco
1088 2305 1153 2346 esse
1176 2284 1268 2360 signi-

188 2389 359 2450 ficationem
381 2387 442 2447 nisi
464 2388 595 2449 activam
617 2387 687 2468 quia
703 2389 775 2460 satis
790 2394 837 2450 est
858 2408 1008 2468 superque
1024 2389 1269 2487 demonstratqm,

189 2492 348 2569 genetivus
372 2492 551 2569 Σαρωνικοῦ
573 2493 717 2568 πορθμοῦ
739 2494 844 2567 habet,
873 2512 931 2572 quo
955 2491 1068 2570 optime
1091 2490 1268 2569 explicetur,

190 2597 377 2676 quadratque
398 2597 458 2654 huc
479 2599 604 2674 perapte
618 2593 816 2672 Euripideum
836 2595 915 2664 illud
936 2617 953 2655 a
975 2592 1204 2656 Schneidewino
1228 2592 1269 2651 ci·

189 2703 287 2759 tatum
308 2697 402 2776 Hipp.
418 2701 475 2757 30:
498 2692 608 2774 πέτραν
630 2693 700 2775 παρ’
728 2689 821 2774 αὐτὴν
847 2690 1002 2768 flectens
1023 2687 1172 2766 κατύψιον
1190 2691 1196 2777 Ι
1215 2695 1270 2778 γῆς

190 2799 278 2878 τῆσδε
300 2793 374 2858 ναάν
397 2791 554 2876 Κύπριδος
576 2796 766 2879 ἐγκαθίοατο.

275 2901 307 2963 Si
335 2902 415 2962 forte
437 2901 579 2978 contigit,
609 2907 659 2977 ut,
691 2923 767 2983 quae
790 2902 918 2982 amplius
941 2900 1177 2980 disputavimus,
1206 2920 1268 2960 non

189 3006 448 3085 improbarentur,
480 3006 632 3065 corollarii
659 3007 725 3066 loco
749 3006 896 3083 attingam
919 3025 1037 3066 erucem
1066 3003 1152 3064 illam
1173 3003 1268 3063 inter·

190 3114 311 3188 protum
333 3107 571 3184 acerbissimam,
598 3129 675 3190 quae
696 3110 811 3186 largam
832 3110 906 3170 tulit
928 3107 1104 3186 opinionum
1126 3110 1268 3182 segetem,

190 3211 273 3272 Pers.
290 3215 368 3272 464:
391 3207 482 3290 ἕδραν
496 3204 553 3292 γάρ
576 3204 632 3290 εἶχε
647 3207 758 3285 παντός
777 3207 872 3293 εάαγῆ
885 3212 1022 3292 οτρατοῦ.
1044 3244 1087 3254 —-
1108 3211 1269 3286 ingentem

190 3314 400 3375 difficultatem
428 3314 611 3392 adjectivum
640 3308 749 3395 εὐαγής
770 3316 959 3396 potissimum
980 3311 1121 3394 praebuit
1148 3311 1187 3372 iis
1215 3311 1269 3393 qui

191 3419 352 3479 studebant
365 3419 441 3478 haec
456 3421 550 3480 verba
565 3418 709 3497 expedire
724 3424 756 3480 et
770 3421 939 3483 exsolvere.
975 3416 1140 3478 Enimvero
1156 3416 1267 3475 Hem-

192 3519 423 3594 sterhusius,
447 3521 500 3600 qui
523 3515 695 3602 εύανγής
713 3523 804 3599 jussit
817 3522 948 3596 restitui,
971 3525 1061 3600 atque
1082 3517 1267 3580 Herman-

190 3643 257 3684 nus
279 3622 428 3701 imprimis
444 3644 624 3705 quamquam
645 3626 732 3685 docte
756 3630 786 3685 et
800 3630 900 3700 acute,
923 3624 998 3705 quid
1019 3619 1078 3681 sibi
1093 3620 1189 3681 vellet
1207 3620 1273 3687 ista,

190 3746 269 3798 vox,
293 3725 510 3805 quaesiverunt
530 3728 716 3807 (delegamus
738 3749 788 3789 eos
811 3729 865 3810 qui
888 3730 925 3789 da
946 3729 1005 3786 hae
1025 3745 1059 3785 re
1081 3733 1190 3794 melius
1212 3750 1267 3794 vo·

190 3828 260 3888 lunt
286 3827 408 3888 institru
435 3831 475 3890 ad
496 3831 664 3894 Hermanni
693 3831 936 3893 dissertationem
964 3833 1009 3906 II,
1038 3853 1068 3910 p,
1085 3837 1266 3915 soe-214)

190 3935 292 3990 tamen
323 3931 488 3992 desiderari
516 3935 624 4005 adhuc
643 3934 892 4013 explicationem,
924 3934 958 3993 in
990 3960 1050 4021 qua
1077 3943 1267 4024 acquiescere

191 4033 357 4112 possimus,
380 4034 481 4113 quivis
504 4040 655 4099 concedet.
686 4072 727 4082 —
757 4038 906 4118 Equidem
927 4042 1193 4121 Hippocratis
1215 4045 1266 4124 (de

192 4159 332 4198 sanorum
360 4136 460 4198 victus
484 4139 602 4202 ratione
623 4143 667 4216 H,
692 4138 743 4217 11)
765 4143 959 4205 confirmatus
980 4147 1083 4208 verbis
1104 4149 1206 4209 hisce:
1238 4144 1270 4207 οῖ
