2850 4590
702 289 911 356 „32-

347 440 620 525 τιολιίμνηστος
648 447 748 509 activo
772 466 861 506 sensu
884 444 966 523 <vide
994 462 1070 523 quae
1092 441 1156 503 dixi
1180 443 1216 502 de
1246 443 1344 502 forma

262 571 329 630 pag.
346 553 385 611 73
398 552 476 632 sqq.)
491 566 559 610 cum
574 549 714 624 genetivo
731 552 851 608 nonest
866 565 1034 608 connexum
1057 549 1113 621 Ag.
1128 546 1205 605 785:
1228 539 1343 604 τούτων

261 656 362 713 θεοῖσι
383 649 438 730 χρη
453 645 663 728 πολύμνηστον
677 643 763 728 χάριν
782 648 787 731 Ι
806 650 906 721 τίνειν,
930 649 1009 729 quod
1033 641 1146 706 τούτων
1168 667 1234 707 cum
1256 639 1343 725 χάριν

260 755 351 816 τίνειν
372 775 437 816 esse
460 754 660 833 copulandum
683 758 775 831 patet
816 751 935 831 passive
958 755 1004 810 est
1025 750 1138 809 dietum
1168 750 1342 824 significans

262 858 468 934 ,‚cclebratus“
491 862 548 933 Ag.
568 862 664 918 1435:
685 857 741 914 νῦν
756 849 789 914 δέ
809 852 920 912 τελείαν
939 850 944 936 Ι
964 847 1171 928 πολύμναστον
1187 849 1342 929 ἐπηνθίσω

262 953 300 1021 δι’
323 951 385 1037 αἷμ’
407 952 543 1020 ίίνιπτον.

347 1063 500 1123 Debemus
522 1063 632 1123 addere
652 1060 725 1121 huic
746 1060 963 1137 adjectivorum
986 1057 1110 1137 speciei:

348 1162 451 1243 ίδρις
472 1169 623 1240 „gnarus“
647 1168 702 1239 Ag.
727 1167 804 1223 428:
827 1155 923 1238 μοίρης
945 1157 1031 1239 ίδρις.

349 1260 484 1346 ἄιδρις.
527 1272 584 1344 Ag.
611 1271 708 1328 1059:
738 1257 853 1325 τούτων
882 1256 979 1342 ίίιδρίς
1006 1259 1066 1340 εἰμι
1093 1264 1153 1322 τῶν
1175 1257 1343 1340 μαντευμά-

262 1391 330 1430 των.
373 1371 580 1450 8ορρ1.436;
610 1365 690 1429 θέλω
720 1359 745 1425 δ’
774 1359 872 1445 ἄιδρις
902 1367 1010 1441 μᾶλλον
1039 1357 1060 1443 ἢ
1086 1358 1184 1439 σοφδς
1212 1367 1314 1425 κακῶν
1338 1365 1342 1448 Ι

263 1463 346 1533 εἶναι.
905 1530 909 1543 ,
1037 1532 1041 1537 ,
1127 1533 1128 1536 ,

348 1571 467 1649 σοφδς
489 1577 593 1637 eodem
616 1575 682 1635 loco
704 1571 808 1650 Suppl.
826 1577 886 1630 436
903 1604 944 1616 -
960 1571 1108 1648 adjectivo
1132 1563 1230 1650 ίιιδρις
1252 1592 1345 1650 oppo-

265 1679 356 1738 situm
379 1679 553 1754 genetivum
576 1677 725 1737 adsciscit.
770 1675 885 1735 (icteris
908 1674 981 1735 iocis
1003 1694 1058 1753 per
1080 1675 1265 1752 sepositum
1287 1682 1342 1736 est.

349 1777 531 1859 ἔμπειρος
552 1781 631 1859 apud
647 1777 830 1857 Aeschylum
851 1796 912 1837 non
928 1778 1078 1854 reperitur
1093 1778 1152 1837 nisi
1168 1780 1250 1839 Pers.
1267 1783 1345 1839 596:

263 1884 366 1944 κακῶν
388 1878 442 1960 μὲνΙ
462 1876 545 1954 ὅστις
566 1880 706 1960 ἐμπειρος
726 1883 820 1957 κυρεῖ.

349 1975 524 2064 ἄπειρος.
559 1985 738 2046 Genetivum
762 1983 911 2060 adjectum
933 1982 1069 2044 videmus
1084 1983 1137 2044 ch.
1154 1990 1232 2044 359:
1253 1983 1346 2044 τῶνδε

264 2079 368 2148 πόνων
391 2079 523 2167 δι’πειρον.
568 2088 626 2162 frg.
650 2091 722 2159 281,
750 2090 783 2146 l:
812 2079 910 2144 νόσων
931 2077 955 2143 τ’
975 2077 1117 2163 ἀπείρους
1146 2083 1198 2145 καί
1220 2086 1346 2164 μακραί-

265 2210 345 2261 ωνας
366 2188 460 2267 βίους.
498 2190 556 2265 frg.
573 2194 655 2249 339:
677 2181 762 2248 advoc
782 2179 812 2263 μ’
834 2180 959 2266 ι’ίπειρον
980 2186 1068 2263 τῆσδε
1089 2189 1143 2264 τῆς
1164 2189 1344 2273 προσῳδίας.

349 2293 478 2354 Ratione
494 2293 657 2372 praecipua
679 2292 758 2353 siout
776 2283 901 2366 μνήμων
916 2291 981 2351 eine
997 2291 1137 2366 genetivo
1154 2298 1199 2352 est
1220 2312 1346 2370 usurpa·

264 2402 329 2456 tum
351 2398 404 2457 oh.
429 2400 506 2456 111:
536 2386 651 2455 δίδασκ’
680 2387 805 2472 ἄπειρον
836 2388 1027 2471 ἐξηγουμένη.
1071 2396 1121 2455 Pr.
1145 2396 1222 2458 377:
1252 2390 1289 2455 σδ
1319 2388 1346 2455 δ’

265 2492 324 2558 οὐκ
345 2489 479 2576 ἄπειρος,
502 2488 567 2557 οὐδ’
589 2494 664 2574 ἐμοῦ
688 2489 869 2557 διδασκάλου
888 2493 894 2579 Ι
913 2489 1034 2579 χρῄζεις.

352 2592 560 2680 οίρτίφρων.
605 2600 688 2678 Sept.
713 2601 790 2659 761:
822 2595 884 2658 ἐπεί
912 2591 939 2657 δ’
961 2593 1117 2680 αἰρτίφρων
1136 2597 1140 2682 Ι
1160 2596 1273 2680 ἐγένετο
1297 2596 1346 2678 μέ·

266 2705 332 2774 λεος
353 2697 469 2763 ἀθλίων
488 2700 494 2785 Ι
512 2696 625 2783 γάμων,
650 2693 696 2763 ἐπ’
711 2694 797 2781 -δίλγει
819 2700 982 2782 δυσφορῶν
1001 2705 1006 2778 Ι
1025 2701 1189 2786 μαινομένρι
1212 2704 1319 2788 κραδίρι
1341 2700 1345 2784 Ι

266 2804 379 2882 δίδυμα
399 2797 467 2865 κείν’
488 2800 623 2866 ἐτέλεσεν.
638 2838 682 2850 -
703 2804 897 2864 Blomfieldus
918 2805 1075 2867 invehitur
1092 2806 1126 2865 in
1148 2828 1198 2868 eos
1221 2809 1273 2887 qui
1296 2804 1347 2888 γαί-

265 2929 331 2986 μων
347 2910 534 2985 conjungunt
556 2927 622 2968 oum
639 2901 802 2988 ἀρτίφρων,
826 2908 873 2986 (ut
890 2908 963 2969 facit
977 2910 1154 2970 Schuetzius
1169 2918 1348 2994 „postquam

266 3032 339 3074 vero
371 3012 480 3074 infelix
512 3012 648 3074 conscius
677 3014 775 3072 factus
810 3018 857 3071 ost
888 3012 1012 3072 infausti
1049 3014 1229 3093 conjugii“):
1267 3018 1348 3076 enim

266 3134 339 3178 vero
371 3116 544 3190 genetivum
575 3136 639 3177 esse
668 3115 860 3176 referendum
881 3116 917 3175 ad
941 3112 1057 3190 μέλεος,
1087 3122 1123 3178 ut
1143 3119 1218 3178 haec
1240 3121 1349 3180 evadat

268 3218 418 3279 sententie
438 3225 618 3299 „postquam
638 3219 671 3278 in
694 3238 726 3278 sa
747 3217 847 3292 rediit,
869 3218 960 3278 miset
975 3221 1013 3278 ob
1036 3219 1182 3282 infaustas
1197 3222 1348 3301 nuptias“.

267 3354 310 3367 -
338 3322 389 3382 Me
419 3322 540 3403 quidem
565 3322 667 3399 judice
696 3322 855 3397 genetivus
885 3315 1002 3381 αἰθλίων
1024 3316 1128 3402 γάμων
1159 3345 1257 3406 neque
1279 3345 1348 3385 oum

267 3419 422 3504 ιἰρτίφρων
444 3429 491 3486 est
512 3425 738 3500 consociandus,
767 3429 872 3503 utpote
895 3427 976 3506 quod
998 3428 1133 3488 absolute
1156 3429 1195 3488 sit
1216 3430 1349 3507 positum

267 3561 310 3572 -
331 3529 504 3589 testimonio
534 3535 605 3589 sunt
634 3531 728 3590 verba
748 3528 933 3590 Scholiastee
954 3532 1013 3591 M.:
1043 3527 1106 3590 ἐπεὶ
1129 3525 1156 3591 δ’
1177 3526 1349 3613 ἀρτίφρων·

268 3627 331 3691 ἐπεί
354 3628 479 3710 ίμφρων
501 3628 625 3710 ἐγένετο,
656 3628 719 3692 ἐπεὶ
744 3633 872 3708 συνῆκεν
894 3625 913 3691 δ
933 3630 1042 3712 ἔπραξε
1063 3628 1139 3695 κατὰ
1162 3638 1215 3713 τῆς
1236 3631 1350 3715 μητρός

268 3766 310 3779 -
331 3753 430 3814 neque
452 3755 519 3796 cum
541 3730 658 3811 μίλτος,
689 3754 781 3817 quum
802 3735 856 3797 vix
877 3738 973 3814 possit
999 3739 1073 3798 ferri
1095 3735 1196 3814 μέλεος
1217 3740 1244 3800 ei
1268 3742 1348 3821 quod

267 3838 348 3898 idem
369 3838 502 3900 declarat
523 3832 640 3898 αἰθλίων
661 3839 705 3899 ita
727 3845 761 3899 ut
781 3839 975 3900 Blomfieldus
997 3841 1065 3902 vult
1086 3844 1264 3922 appositum.
1307 3844 1351 3904 Ut

268 3941 379 4018 dicam,
410 3943 490 4022 quod
518 3941 593 4003 mihi
615 3962 790 4020 persuasum
819 3947 876 4016 est,
908 3946 1058 4023 Aeschylo
1088 3967 1174 4006 suum
1195 3947 1351 4007 reddimus

268 4065 330 4106 non
359 4045 455 4105 solum
477 4065 582 4105 verum
611 4046 702 4107 etiam
731 4045 982 4125 simplicissimam
1011 4055 1140 4130 apteque
1163 4051 1349 4110 enuntiatam

268 4149 414 4208 habemus
436 4149 616 4209 sententiam
647 4150 672 4208 si
693 4149 949 4227 interpunctionis
972 4158 1044 4212 nota
1065 4158 1134 4230 post
1154 4146 1258 4232 γαίμων
1280 4157 1350 4216 sub·
