2850 4590
645 287 859 353 ..10-

211 532 218 564 ,
299 448 515 506 Proferendum
548 451 593 506 est
626 447 755 526 denique
788 448 820 505 in
854 449 984 508 medium
1020 451 1073 522 Ag.
1100 454 1156 508 44:
1191 450 1291 528 ζεῦγος

215 546 368 627 Ατρειδῦν.

649 637 851 646 ———.-

297 755 327 832 e)
349 756 461 815 Ultimo
491 756 555 815 loco
587 758 751 816 notandum
783 764 828 816 est
849 758 1022 832 genetivum
1045 757 1198 815 nominum
1220 779 1289 830 geo·

211 859 421 935 graphicorum
438 859 612 918 notionibus
636 854 730 930 πόλις,
755 852 837 930 ίίστυ,
862 860 1009 919 similibus
1024 860 1222 937 appositionis
1243 861 1289 917 in·

211 965 274 1019 star
295 962 421 1020 adnecti.

300 1064 329 1141 1)
353 1058 437 1133 πόλις
465 1065 596 1142 (Ruhnk.
621 1067 695 1142 Epp.
727 1066 806 1126 critt.
836 1088 864 1143 p.
891 1065 973 1141 186).
1018 1067 1100 1124 Pers.
1124 1070 1201 1124 346:
1233 1053 1289 1123 ἔστ’

210 1150 258 1243 ἆρ’
279 1157 417 1241 Ἀθηνῶν
440 1159 497 1224 ἔστ’
520 1160 696 1245 ἀπόρθητος
716 1160 807 1236 πόλις.
842 1174 898 1242 Ag.
916 1174 964 1227 29.
990 1170 1059 1226 711.
1087 1173 1181 1228 1241:
1201 1160 1289 1225 Ἰλίου

211 1261 304 1336 πόλις.
356 1269 488 1343 Insignis
518 1270 600 1329 locus
633 1279 678 1329 est
707 1272 792 1328 Eum.
816 1278 894 1329 453:
930 1271 1038 1346 Τροίαν
1069 1263 1173 1328 άπολιν
1201 1263 1289 1328 Ἰλίου

211 1363 297 1427 πόλιν
319 1368 445 1446 ἔθηκας,
475 1373 526 1431 ubi
556 1372 664 1449 Τροίαν
693 1379 813 1450 praeter
837 1375 1050 1433 necessilatem
1080 1373 1181 1435 verbis
1201 1365 1288 1430 Ἰλίου

212 1466 297 1531 πόλιν
319 1476 441 1534 accedit.
485 1477 554 1535 Huc
576 1496 647 1538 vero
675 1477 815 1538 advocari
838 1498 898 1536 non
921 1497 1008 1553 posse
1031 1479 1080 1535 Pr.
1105 1481 1182 1535 844:
1211 1473 1288 1533 ἕστιν

210 1569 295 1645 πόλις
320 1569 467 1653 Κάνωβος
490 1572 595 1656 ἐσχάτη
617 1574 728 1655 χθονός
751 1601 805 1657 per
827 1600 858 1639 se
880 1586 972 1657 potet.
1009 1581 1148 1638 Ceterum
1171 1581 1207 1638 οί.
1232 1579 1286 1636 Οδ.

208 1679 234 1751 Ι,
259 1685 293 1737 2:
322 1679 431 1757 Τροίης
458 1717 491 1724 -
517 1682 704 1758 πτολίεθρον.

297 1784 329 1859 2)
353 1777 433 1840 άστυ.
479 1786 560 1844 Pers.
584 1785 660 1844 721:
684 1780 811 1843 Σούσων
834 1776 915 1843 ῦίστυ.
962 1785 1109 1844 attributo
1131 1788 1206 1845 haec
1228 1806 1288 1847 vox

211 1891 257 1944 esl
278 1887 414 1963 praedita
436 1889 518 1947 Pers.
545 1894 620 1947 119:
644 1881 705 1967 μέγ’
728 1882 801 1946 ι’ίστυ
825 1887 980 1957 Σουσίδος.
1027 1891 1103 1947 752;
1130 1880 1191 1945 τόδ’
1214 1881 1288 1945 άστυ

211 1981 340 2046 Σούσων
363 1987 546 2060 ἐξεκείνωσεν
569 1985 670 2048 πεσόν.
716 1991 867 2065 Singulari
890 1991 977 2051 modo
1000 1992 1082 2049 Pers.
1107 1994 1183 2050 533:
1214 1982 1288 2046 ῦίστυ

210 2083 242 2147 τῦ
266 2086 393 2150 Σούσων
415 2085 463 2168 ἠδ’
485 2085 676 2171 Ἀγβατάνων
699 2095 756 2153 δυο
780 2094 913 2167 genetivi
943 2094 995 2151 uni
1019 2093 1137 2152 notioni
1159 2085 1233 2149 άστυ
1254 2093 1287 2150 in

210 2193 355 2268 singulari
379 2216 502 2255 numero
525 2197 641 2272 positae
664 2196 757 2255 additi
781 2202 858 2254 sunt.

296 2300 327 2376 3)
349 2302 429 2378 γαῖα,
454 2299 498 2376 Wl-
545 2298 705 2377 Aeschyli,
728 2304 873 2379 quantum
896 2298 970 2370 scio,
1001 2298 1124 2375 proprie
1146 2305 1190 2356 est
1212 2299 1287 2356 haec

209 2401 396 2460 substantive
418 2421 484 2460 cum
506 2403 645 2476 genetivo
662 2402 793 2460 nominis
809 2401 1001 2479 geographici
1025 2400 1216 2460 construendi
1239 2421 1286 2459 rs-

209 2502 267 2562 tio:
290 2505 371 2564 Pers.
396 2509 473 2563 808:
496 2506 534 2582 γῆ
560 2505 727 2562 Πλαταιῶν.
765 2503 868 2583 Suppl.
895 2509 948 2562 15:
964 2496 1093 2582 ’Ἄργους
1115 2506 1211 2581 γαῖαν.
1249 2505 1286 2561 cf.

208 2606 282 2665 Hor.
307 2607 361 2666 Od.
383 2608 437 2680 IV,
464 2611 511 2680 14,
537 2612 591 2666 50:
614 2607 774 2686 Duraeque
796 2607 885 2666 tellus
907 2607 1061 2666 Hiberiae.

295 2712 327 2788 4)
349 2706 425 2780 ἕδος.
470 2712 519 2770 Pr.
543 2715 621 2770 414:
652 2703 718 2769 δ’σοι
747 2707 871 2768 ἔποικον
898 2701 990 2789 άχνῦς
1010 2708 1014 2788 Ι
1033 2701 1132 2778 Ἀσίας
1153 2705 1220 2778 ἕδος
1242 2703 1286 2765 κε’-

209 2832 321 2886 μονται.
366 2814 479 2873 Verum
502 2815 584 2872 Pers.
610 2813 684 2872 873:
712 2803 830 2890 Ἰκάρου
853 2808 920 2881 ἕδος
941 2818 1043 2873 ulrum
1066 2812 1223 2887 genetivus
1246 2812 1286 2870 sit

207 2917 393 2992 possessivus
423 2916 504 2993 (vide
533 2917 614 2975 infru
635 2937 663 2993 p.
684 2921 718 2974 ll
745 2917 824 2995 sqq.)
853 2936 892 2974 an
923 2917 1109 2994 appositivas
1137 2916 1285 2973 incertum

208 3024 254 3076 est
276 3014 455 3092 (ἑπτάπυλον
477 3016 545 3088 ἕδος
567 3020 649 3096 Sept.
675 3020 756 3098 150).
801 3019 911 3080 Procul
939 3020 1029 3078 dubio
1060 3020 1138 3078 hanc
1166 3038 1284 3098 quoquo

209 3126 388 3181 structuram
404 3123 572 3201 Aeschylus
594 3129 746 3182 mutuatus
770 3129 815 3181 est
837 3125 874 3181 sb
892 3124 1039 3181 Homero:
1062 3122 1116 3180 Od.
1131 3122 1188 3194 XI,
1213 3126 1284 3178 263.

208 3223 244 3282 Il.
260 3224 314 3295 IV,
332 3232 409 3284 406:
434 3219 538 3300 Θήβης
560 3221 684 3294 ἕδος-
701 3221 890 3282 ἑπταπύλοιο.
927 3225 981 3284 Od.
997 3225 1087 3297 XHI,
1107 3229 1184 3282 344:
1204 3215 1284 3279 Ἰθά-

207 3347 262 3400 κης
284 3323 358 3394 ἕδος.
403 3327 439 3386 Il.
461 3327 577 3400 XXlV,
604 3332 679 3388 144:
710 3323 777 3396 ἕδος
803 3321 987 3400 Οὐλύμποιο.
1033 3327 1181 3386 Pindarus
1212 3346 1283 3405 quo-

208 3449 265 3508 que
288 3431 452 3490 Homerum
473 3431 608 3489 imitatus
631 3432 751 3490 effinxit
772 3433 862 3490 haec:
885 3431 931 3490 Ol.
947 3431 988 3502 ΙΙ,
1015 3435 1068 3491 13;
1091 3425 1158 3497 ἕδος
1179 3421 1283 3503 Ὀλάμ-

207 3553 267 3590 που
290 3530 396 3607 νέμων.
440 3535 546 3593 Islhm.
568 3533 593 3606 I,
620 3541 645 3607 1,
669 3539 726 3594 31:
748 3525 899 3609 ῦψίπεδον
924 3527 1081 3610 Θεράπνας
1166 3527 1281 3607 ἕδοςῑ).

294 3637 324 3714 5)
346 3637 447 3711 χεῦμα.
481 3638 567 3696 Eum.
584 3643 658 3696 289:
683 3636 822 3715 τρίτωνος
846 3630 926 3712 ἀμφὶ
947 3637 1049 3713 χεῦμα.
1084 3635 1185 3712 Suppl.
1204 3634 1283 3693 987:

206 3730 285 3815 χεῦμ’
306 3730 464 3813 Ἐρασίνου
487 3733 621 3798 παλαιάν.

277 3997 301 4054 1)
321 3997 350 4043 cf.
370 3995 576 4056 Soph.ni.135:
595 3993 742 4058 Σαλαμῖνος
754 3993 818 4061 ἔχων
832 3990 933 4060 βάθρον.
964 3993 1118 4041 Branchius:
1138 3994 1197 4053 „qui
1214 3999 1282 4040 tenes

207 4082 340 4130 Salaminis
366 4084 476 4131 sedem.“
509 4081 569 4128 Eur.
595 4083 650 4128 Hel.
679 4084 759 4130 1652:
789 4078 883 4144 Τροίας
909 4076 999 4146 βάῖρα.
1038 4081 1093 4140 Iph.
1120 4080 1175 4127 Aul.
1201 4083 1281 4129 1263:

206 4166 301 4233 Τροίας
319 4164 411 4228 ἐξελεῖν
430 4161 525 4217 κλεινὸν
540 4160 642 4233 βάθρον.
