2850 4590
589 292 803 358 ..53-

576 479 812 536 corollarium.

241 590 290 648 Ad
311 590 402 648 finem
425 587 685 648 commentationis
706 592 827 647 nostrae
850 589 887 647 de
911 609 969 647 usu
991 586 1126 662 genetivi
1148 587 1235 647 attri-

156 692 255 753 butivi
278 693 358 768 apud
372 692 558 770 Aeschylum
576 689 779 768 pervenimus.
824 689 1026 769 Quaecunque
1048 689 1161 749 hocin
1183 711 1234 766 ge·

154 815 227 853 nere
248 794 357 853 idonea
379 793 466 854 nobis
490 814 553 852 esse
576 792 774 866 videbantur,
803 793 972 852 studuimus
994 794 1158 871 explanare
1181 813 1233 853 ex-

155 903 317 976 cutereque
340 918 394 973 pro
416 899 473 955 hac
488 896 573 955 tenui
596 900 627 954 et
641 895 761 954 infirma
781 900 875 974 perte.
921 898 1099 975 Supremum
1121 900 1176 969 est,
1199 900 1234 956 ut

154 1021 203 1060 res
218 1001 295 1058 duae
318 1000 404 1078 quasi
419 1003 580 1072 externae,
603 1018 679 1077 quae
702 999 775 1058 adeo
798 1020 859 1058 non
877 999 966 1077 parvi
988 1003 1059 1059 sunt
1080 999 1234 1073 momenti,

153 1108 189 1163 ut
203 1102 366 1181 multiplex
388 1122 487 1181 neque
502 1101 665 1178 injucunda
684 1101 770 1180 eopia
788 1102 875 1162 nobis
892 1107 1033 1180 suppetat
1054 1104 1091 1162 de
1112 1102 1151 1161 iis
1173 1102 1233 1162 dis·

154 1205 283 1277 serendi,
306 1209 454 1266 vocentur
470 1204 503 1262 111
519 1203 778 1282 disceptationem.
823 1205 958 1264 Primum
975 1205 1064 1279 enim,
1087 1226 1233 1285 quaeren-

153 1310 225 1368 dum
248 1307 307 1367 erit
333 1310 377 1368 de
401 1307 552 1367 ratione
581 1327 655 1386 qua
684 1309 756 1366 duo
787 1310 853 1368 vel
882 1309 1019 1387 plures
1048 1308 1231 1385 genetivi

153 1412 218 1473 uni
234 1411 382 1472 nomini
398 1414 664 1490 apponuntur,
687 1410 795 1470 deinde
811 1411 855 1470 de
871 1410 1119 1488 trajectione,
1142 1431 1232 1490 quam

153 1515 274 1589 dicunt,
297 1513 598 1592 adjectivorum.

657 1648 725 1729 ςι.

240 1772 454 1838 Quaestionem
476 1772 513 1831 (16
537 1773 664 1830 duorum
695 1772 746 1833 vel
767 1770 902 1850 plurium
925 1771 1135 1846 genetivcrum
1165 1794 1232 1834 cum

152 1899 213 1936 uno
243 1875 364 1936 nominc
391 1875 613 1952 jungendorum
644 1873 762 1934 ratione
790 1873 864 1934 licet
893 1876 1141 1937 adumbraverint
1170 1877 1232 1938 viri

152 1980 233 2039 docti
250 1978 397 2056 (Mathiae
414 1978 463 2038 Gr.
482 1978 531 2038 Gr.
556 1976 583 2055 5.
602 1982 673 2036 386.
717 1978 829 2036 Β611111.
846 1978 932 2055 Synt.
955 2000 984 2056 p.
1005 1984 1073 2038 162.
1117 1979 1230 2056 Krueg.

151 2085 178 2157 Ι,
201 2082 251 2154 47,
275 2088 304 2154 9,
327 2082 358 2160 6)
382 2083 433 2141 vel
455 2080 596 2140 subtilius
619 2080 774 2160 eliquanto
796 2080 1052 2156 investigaverint
1073 2083 1160 2144 Lob.
1183 2085 1229 2143 ad.

152 2186 201 2246 Ai.
224 2207 254 2248 v.
268 2191 306 2244 58
324 2189 441 2258 61309,
457 2187 540 2262 cujus
563 2186 599 2244 de
617 2186 675 2244 hac
696 2205 729 2244 16
748 2185 973 2246 observationes
988 2184 1137 2246 videndae
1161 2191 1231 2245 sunt

153 2288 232 2368 siqui
254 2291 360 2349 volent
386 2286 491 2346 rimari
514 2287 667 2366 subtilius)
691 2293 805 2362 tamen,
833 2290 914 2368 quod
935 2311 973 2349 ne
995 2289 1085 2349 unius
1108 2290 1229 2370 quidem

150 2392 307 2470 scriptoris
329 2391 429 2467 graeci
450 2391 483 2449 in
506 2412 541 2450 eo
564 2412 674 2466 genero
696 2413 783 2451 usum
802 2392 961 2472 quisquam
977 2392 1140 2468 diligenter
1161 2414 1229 2471 per-

150 2495 308 2568 tractavit,
331 2495 501 2554 mirandum
524 2499 578 2555 cst.
609 2529 651 2538 -
680 2495 872 2574 Quapropter
894 2517 983 2576 quam
1006 2496 1229 2558 accuratissime

149 2597 182 2657 in
203 2599 406 2675 Aeschyleam
436 2598 585 2657 rationem
606 2597 762 2678 inquirere
785 2619 893 2677 operae
922 2620 987 2659 esse
1009 2599 1141 2679 pretium
1164 2601 1228 2661 exi-

150 2700 280 2762 stimavi.
326 2700 392 2765 Qua
421 2700 454 2758 in
484 2722 611 2761 renum
634 2722 688 2777 ego
712 2702 785 2782 quid
806 2708 888 2763 reete
910 2703 1118 2782 exposuerim,
1148 2704 1228 2782 judi-

150 2810 220 2864 cent
240 2803 371 2878 benigne
393 2802 454 2864 viri
476 2824 576 2862 rerum
599 2805 860 2879 grammaticarum
883 2806 984 2884 periti.

236 2928 261 2966 a.
286 2905 475 2967 Genetivi
501 2905 545 2964 ita
574 2911 645 2967 sunt
667 2909 800 2985 adjuncti
828 2909 960 2984 nomini,
992 2914 1028 2970 ut
1049 2912 1153 2971 alter
1175 2910 1229 2971 sit

149 3016 264 3090 aptus
288 3012 331 3070 ab
354 3011 493 3070 altero.

236 3114 267 3190 α)
291 3112 471 3186 Genetirus,
495 3113 547 3193 qui
571 3135 733 3192 suspensus
756 3120 802 3176 est
824 3116 948 3195 abipso
970 3115 1093 3176 nominc
1115 3116 1228 3195 prinei·

149 3217 227 3297 pali,
263 3217 487 3294 objectivus
522 3222 583 3277 est:
626 3218 681 3278 Oh.
706 3224 781 3278 2561
816 3220 945 3297 σωτῆρες
976 3216 1073 3288 ἑστίας
1106 3213 1226 3297 πατρός.

148 3324 231 3381 Ρ616.
251 3320 327 3380 1571
356 3320 433 3377 θεοῦ
455 3314 507 3394 μὲν
530 3313 685 3398 εὐνήτειρα
712 3321 845 3398 Περσῶν.
891 3323 972 3401 Sept.
991 3326 1068 3383 1681
1098 3314 1227 3396 φιλοθύ-

148 3446 207 3484 των
223 3421 256 3482 δε’
272 3443 319 3482 τοι
333 3415 438 3491 πόλεος
453 3415 561 3502 ὀργίων
581 3419 586 3504 Ι
606 3417 769 3503 μνήστορες
784 3421 847 3483 ἕστε
862 3445 921 3500 μοι.
966 3425 1008 3487 ib.
1026 3431 1104 3486 9961
1128 3419 1227 3502 δήμου

147 3518 331 3605 προβούλοις
361 3523 446 3601 τήςδε
470 3523 622 3601 Καδμείας
643 3519 764 3597 πόλεως.
809 3529 988 3589 1161114451
1018 3527 1144 3606 αἵματος
1173 3551 1226 3588 τια-

147 3629 278 3708 θαρσίου
297 3626 302 3710 Ι
323 3625 436 3707 σφαγαὶ
466 3665 509 3673 -
538 3623 689 3707 νεοθήλου
720 3629 822 3707 βοτοῦ.
868 3635 918 3693 Ρ1.
943 3638 1022 3693 8931
1052 3667 1094 3677 -
1121 3629 1226 3710 λεχέων

148 3727 223 3802 Διδς
239 3724 417 3810 εὐνατειραν.
462 3733 520 3792 His
543 3755 617 3814 quos
640 3736 728 3813 posui
749 3735 824 3796 locis
846 3736 1005 3811 genetivus
1027 3737 1225 3816 possessivus,

147 3842 182 3897 ut
196 3837 294 3915 poscit
307 3836 428 3912 linguae
447 3842 564 3912 natura,
588 3840 725 3918 sequitur
739 3840 914 3916 genetivum
930 3841 1122 3918 objectirum.
1161 3842 1225 3902 Nee

147 3944 247 3999 tamen
269 3960 337 3999 raro
360 3961 427 4015 gen.
451 3962 529 4019 poss.
552 3942 723 4020 praecedit,
747 3942 940 4023 subsequitur
962 3964 1029 4018 gen.
1045 3946 1118 4020 obj.:
1142 3946 1224 4024 Sept.

148 4049 224 4103 9991
247 4078 289 4086 -
305 4037 493 4121 αναστατήρα
511 4043 671 4121 Καδμείων
685 4038 804 4121 χθονός.
841 4045 1003 4125 (611496
1026 4044 1137 4123 τίμημα
1152 4040 1224 4124 τύμ-

145 4144 203 4222 βου
223 4146 275 4222 τῆς
292 4138 481 4223 ἀνοιμώκτου
497 4143 620 4228 τύχήςὲ)
662 4151 704 4211 ib.
722 4151 799 4209 740:
822 4153 992 4226 ψευσθεῖσα
1008 4147 1117 4220 παιδὸς
1130 4167 1224 4234 σιιοιρ-

145 4242 245 4330 γάνων
267 4244 476 4332 φαιδρύντρια.
