2850 4590
592 327 827 395 -121-

254 486 305 545 Ad
326 488 489 547 verborum
512 485 752 546 communicandi
774 490 944 547 structurae
967 484 1136 561 analogiam
1159 505 1249 560 gene-

169 589 253 651 tivus
275 588 494 649 determinatur
515 588 618 650 verbis
640 589 830 665 gustandi
852 593 883 648 et
904 588 1074 662 fruendi,
1105 607 1182 668 quae
1204 593 1248 647 ta-

170 714 239 752 men
261 692 341 771 apud
362 693 547 771 Aeschylum
571 697 642 752 sunt
662 690 826 752 rarissima.

255 787 433 875 γεύομαι.
476 795 535 870 frg.
559 800 616 869 31,
646 801 680 856 2:
713 791 766 855 καλ
795 787 920 874 γεύομαί
949 815 1014 864 πως
1042 795 1095 870 τῆς
1124 785 1248 865 ύειζόου

170 891 255 968 πόας.
300 901 357 974 Ag.
377 899 474 959 1176:
498 884 540 957 ὧν
556 891 654 976 πατὴρ
670 892 819 976 ἐγεύσατο.
853 898 1061 978 Metaphorice
1077 918 1145 957 oum
1158 917 1248 976 per·

171 1023 285 1064 sonae
307 1001 448 1078 genetivo
478 1001 663 1063 construitur
691 1003 748 1077 frg.
771 1007 843 1076 238,
866 1007 900 1062 4:
931 995 996 1079 ἥτις
1024 993 1135 1081 αἰνδρός
1162 986 1249 1078 ἦγε-

170 1101 306 1185 γευμὲνη.

256 1205 473 1287 ἔπαυρίσιιομαι
495 1209 646 1282 ,di-uotum
667 1207 824 1288 percipere
855 1229 895 1269 ex
923 1207 1025 1289 aliqua
1046 1211 1108 1281 re“,
1136 1207 1248 1266 Home-

170 1333 222 1373 rus
253 1311 295 1389 (v.
325 1313 371 1371 La
390 1312 494 1371 Roche
516 1313 537 1372 l.
562 1332 586 1372 c.
609 1310 690 1390 582,
715 1312 757 1389 6.)
787 1331 906 1391 semper
932 1311 1005 1372 huic
1032 1313 1125 1372 verbo
1157 1308 1251 1367 adicit

172 1414 348 1491 genetivum
370 1413 485 1492 pariter
507 1417 597 1494 atque
622 1413 676 1472 clii
699 1413 868 1493 scriptores.
913 1414 1083 1492 Aeschylus
1105 1410 1249 1472 accusati·

171 1540 244 1579 vum
266 1517 355 1597 ponit
383 1517 521 1577 neutrius
551 1516 738 1596 pronominis
759 1518 810 1576 Pr.
835 1521 889 1576 28:
919 1511 1032 1575 τοιαῦτ’
1060 1509 1176 1593 ἒνηύρω
1195 1515 1249 1572 τού

171 1614 393 1699 φιλανθρώπου
409 1614 534 1696 τρόπου.
578 1620 677 1680 Schol.
694 1621 753 1679 lu:
777 1611 921 1678 τοιούτων
938 1615 1081 1695 ἐπέτυχες.
1115 1619 1170 1676 τοῦ
1189 1618 1247 1690 φιλ.

170 1717 286 1802 τρόπου
317 1728 364 1783 est
384 1723 544 1800 genetivus
566 1721 675 1802 pretii,
706 1723 787 1803 quod
808 1721 931 1784 videtur
960 1721 1131 1798 neglexisse
1151 1721 1249 1780 Krua·

171 1848 260 1904 genus
282 1827 332 1887 Di.
355 1826 437 1906 547,
462 1830 510 1901 15,
535 1831 562 1888 l.

257 2033 335 2093 Satis
363 2036 469 2093 notum
500 2037 546 2092 est
577 2053 644 2093 cum
672 2032 776 2094 verbis
804 2029 975 2092 transitivis
1004 2029 1179 2106 genetivum
1205 2029 1250 2088 ita

172 2136 316 2216 copulari,
338 2140 373 2196 ut
393 2135 421 2195 is
440 2139 557 2214 partem
579 2157 618 2196 ex
639 2141 703 2197 toto
722 2139 874 2215 demptam
897 2133 1061 2210 significet,
1087 2153 1179 2213 quum
1202 2154 1249 2192 ac-

172 2241 307 2302 cusativo
324 2239 512 2319 exprimatur
529 2241 679 2317 objectum
701 2244 808 2300 totum.
853 2238 1026 2316 Cujusmodi
1048 2240 1142 2299 verba
1163 2256 1249 2297 usur-

170 2344 258 2425 pavit
278 2343 461 2421 Aeschylus:

259 2443 385 2507 ἒσθλω.
430 2446 533 2525 Suppl.
551 2450 629 2506 216:
652 2437 779 2525 όρνιθος
800 2478 843 2488 -·
866 2434 951 2523 όρνις
972 2436 1086 2522 poyeio.

257 2546 274 2609 ἕ
278 2571 333 2627 χω.
377 2552 435 2625 Ag.
453 2554 530 2610 926:
553 2547 647 2619 οἴκοις
663 2546 726 2631 (Μ.
742 2539 834 2617 οἶκος.
853 2552 934 2608 certa
954 2551 1002 2606 est
1016 2546 1161 2608 correctio
1175 2549 1250 2606 Por·

171 2655 238 2715 soni
260 2650 375 2730 οἴκοις.)
397 2646 425 2710 δ’
451 2643 578 2730 ύπόρχει
592 2650 684 2710 τοῖνδε
707 2642 762 2710 σύν
782 2654 865 2721 θεοῖς
887 2685 930 2695 -
952 2646 1034 2725 ἔχειν.
1078 2646 1171 2707 τοῖνδε
1193 2648 1250 2708 sci·

170 2757 245 2818 licet
267 2748 393 2832 ελμότων
417 2756 482 2834 (nos
513 2757 624 2830 „deren
655 2776 694 2816 zu
715 2753 857 2832 haben“).
902 2753 967 2819 Quo
996 2753 1030 2812 in
1057 2755 1123 2814 loco
1142 2751 1249 2835 ,expli-

173 2861 266 2921 cando
285 2860 515 2938 Bernhardyum
538 2851 662 2938 ύπόρχει
686 2879 753 2919 cum
774 2856 868 2917 τῶνδε
889 2860 1118 2935 conjungentem
1141 2875 1248 2930 magno

172 2962 272 3023 teneri
295 2982 396 3022 errore
418 2963 606 3022 demonstrat
625 2963 807 3023 Klausenus.

256 3057 438 3143 λαμβάνω.
482 3069 540 3141 Ag.
562 3065 658 3126 1567:
682 3056 783 3141 όσημ’.
816 3056 833 3123 δ
856 3057 886 3123 δ’
905 3057 1005 3122 αὐτῶν
1020 3053 1248 3144 ύγνοίριλαβοόν.

172 3169 256 3229 Haeo
288 3172 335 3228 est
366 3167 523 3244 ingeniosa
553 3172 724 3247 conjectura
755 3168 915 3229 Dindorfii.
970 3166 1056 3229 Libri
1086 3157 1187 3241 ύσημα
1217 3156 1246 3222 δ’

172 3262 279 3330 acircio.
304 3271 381 3332 conf.
405 3293 472 3351 pag.
490 3277 540 3332 48.

256 3375 471 3454 Bernhardyus
498 3376 570 3436 huic
591 3379 753 3438 verborum
781 3375 886 3451 generi
908 3375 1163 3435 adnumerandum
1185 3392 1249 3434 esse

172 3477 319 3556 opinatur·
335 3475 419 3556 ci‘ycr.
463 3478 517 3538 ch.
540 3484 593 3538 64:
626 3476 737 3557 ol'yovrs
759 3479 920 3555 νυμφικῶν
942 3474 1079 3537 ἑδωλίων.
1122 3477 1181 3538 Sed
1202 3476 1249 3534 ni-

171 3579 247 3639 titur
268 3580 322 3641 illa
344 3580 447 3661 opinio
469 3582 619 3660 scriptura
641 3583 799 3642 admodum
820 3581 941 3644 vitiosa.
964 3573 1136 3661 θιγόντι,
1169 3579 1250 3660 quod

168 3687 231 3760 jam
253 3683 424 3763 Stephanus
446 3685 596 3759 restituit,
618 3686 708 3747 unice
729 3707 803 3747 vera
825 3689 872 3745 est
892 3685 993 3745 lectio.

257 3786 341 3846 Idem
357 3788 569 3866 Bernhardyns
591 3791 645 3850 ch.
662 3795 737 3850 691:
761 3781 821 3847 ἄλλ’
836 3781 901 3847 ἔσθ’
923 3779 941 3846 ό
962 3780 1067 3866 καιρός
1089 3777 1248 3864 ἡμερεύον-

172 3909 225 3958 τας
247 3884 350 3960 ξένους
377 3886 382 3971 Ι
408 3893 525 3969 μακρᾶς
546 3886 693 3951 κελεύθου
715 3885 869 3972 τυγχάνειν
890 3884 927 3950 τό
949 3883 1112 3969 πρόσφορα
1134 3887 1249 3964 geneti-

171 4012 242 4053 vum
266 3991 451 4054 existimavit
472 3994 588 4072 μακρᾶς
603 3987 750 4054 κελεύθου
773 4015 838 4055 esse
859 3999 962 4074 aptum
985 4015 1023 4054 ex
1038 3984 1246 4070 ἡμερεύοντας.

171 4099 214 4154 At
241 4115 311 4157 vero
341 4095 535 4157 determinari
565 4118 599 4158 ec
630 4098 811 4175 adjectivum
840 4090 876 4156 τό
898 4089 1059 4175 πρόσφορα
1089 4093 1247 4174 explanavi

171 4217 239 4277 pag.
257 4203 306 4259 80.
