2850 4590
566 298 776 365 ..15-

636 455 705 535 §4-

216 560 263 616 Ad
274 558 400 617 Homeri
416 559 643 618 similitudinem
655 566 685 617 ct
700 559 900 618 imitationem
911 557 1064 635 adspirare
1075 561 1209 637 Aeschy-

126 660 191 718 lum
222 681 313 740 quum
335 660 438 718 multis
467 663 557 719 rebus
586 668 775 741 perspectum
805 662 949 720 habemus
979 667 1042 720 tum
1070 683 1104 721 eo
1129 662 1207 739 quod

127 764 318 824 substantiva
341 764 485 840 quaedam
508 760 618 840 (μένος,
649 762 708 840 βία,
740 760 848 831 σθένος
871 763 939 840 ete.)
963 764 1119 839 conjungit
1142 785 1208 823 cum

127 865 269 941 genetivo
299 866 426 925 aliorum
458 867 731 939 substantivorum,
765 866 925 943 praecipue
956 868 1110 926 nominum
1140 889 1208 945 pro·

126 968 271 1045 priorum,
295 987 354 1046 qua
376 969 494 1028 ratione
516 990 551 1029 ea
573 989 702 1047 persona
724 970 787 1030 sive
810 989 867 1040 res,
899 989 975 1048 quae
998 969 1139 1043 genetivo
1163 976 1208 1028 est

127 1091 288 1148 expressa,
320 1091 375 1148 per
396 1071 594 1132 laudatoriam
617 1073 765 1151 quandam
789 1071 1082 1131 circumlocutionem
1104 1074 1208 1130 redda-

127 1178 187 1232 tur.
238 1173 295 1232 Sed
330 1194 419 1254 quum
455 1176 587 1251 ejusdem
622 1174 901 1234 circumlocutiones
934 1175 1012 1251 apud
1044 1176 1207 1233 Homerum

127 1276 282 1335 definitam
313 1277 445 1355 aliquam
474 1280 605 1338 habeant
636 1277 805 1351 regionem,
839 1278 923 1352 cujus
953 1277 1037 1355 quasi
1070 1278 1207 1337 terminis

127 1385 231 1456 septae
261 1386 435 1453 tencantur,
466 1382 610 1439 terminos
640 1380 695 1438 hos
718 1379 827 1438 mirum
857 1385 1001 1457 quantum
1029 1381 1208 1457 propagavit

126 1481 304 1559 Aeschylus.
357 1484 419 1541 Eae
449 1488 548 1542 autem
580 1483 762 1557 locutiones,
797 1500 870 1559 quas
901 1482 973 1560 quin
1005 1503 1042 1541 cx
1073 1482 1205 1541 Homero

126 1584 327 1660 desumpserit
348 1606 407 1644 non
431 1586 552 1645 dubium
576 1593 630 1656 est,
655 1604 834 1664 quamquam
856 1606 892 1642 nc
914 1585 945 1642 iu
963 1585 1071 1643 ceteris
1088 1585 1207 1663 quidam

126 1686 238 1744 fabulis
261 1686 484 1761 desiderantur,
515 1688 687 1764 saepissime
714 1694 813 1745 temen
838 1675 1030 1764 reperidntur
1052 1687 1083 1744 in
1107 1687 1209 1745 fabula

126 1790 279 1848 Thebana.

213 1893 253 1951 Et
274 1890 402 1968 primum
426 1891 546 1970 quidem
569 1893 701 1951 solennis
724 1893 756 1949 in
779 1893 837 1950 hoc
859 1912 970 1965 genere
991 1892 1146 1968 usurpatio
1163 1897 1208 1950 cst

125 1995 307 2054 substantivi

213 2094 274 2171 βία
297 2096 388 2176 (apud
411 2096 576 2156 Homerum
598 2097 692 2158 vicies
722 2096 852 2156 inservit
880 2095 1048 2155 istiusmodi
1081 2098 1207 2157 circum-

124 2199 293 2275 locutioni).
337 2200 418 2275 Sept.
443 2204 519 2258 431:
551 2193 629 2275 ἆνηρ
652 2234 695 2244 --
718 2196 817 2257 αίθων
845 2195 979 2256 τέτακται
1007 2201 1084 2276 λῆμα
1113 2202 1208 2258 Πολυ-

124 2295 243 2375 φόντου
265 2300 324 2377 βία.
370 2301 408 2360 ib.
427 2307 503 2362 624:
527 2295 636 2359 τοιαῦτ’
661 2296 746 2359 dorsi
767 2336 806 2345 -
835 2300 1038 2370 Πολυνείκους
1060 2300 1119 2377 βία.
1165 2303 1205 2361 ib.

126 2409 206 2463 560:
234 2403 286 2462 καὶ
309 2397 360 2461 τόν
383 2397 436 2460 σιίν
459 2391 551 2473 αὖθις
574 2399 748 2482 κροσμόραν
770 2398 915 2475 ἀδελφεόν
938 2438 977 2448 -
1008 2403 1207 2472 Πολυνείκους

124 2503 196 2582 βίαν
216 2541 247 2547 --
268 2509 356 2563 καλεῖ.
391 2507 430 2564 ib.
450 2512 525 2566 522:
547 2499 656 2583 λέγοιμ’
679 2499 716 2562 riv
735 2500 829 2583 ι’ίνδρα
853 2503 1097 2580 σωφρονέστατον
1113 2501 1206 2582 titurio

124 2599 150 2665 τ’
172 2602 301 2686 ἄριστον,
325 2602 439 2683 μοίντιν,
462 2601 631 2683 Ἀμφιάρεω
655 2607 731 2684 βίαν.
766 2609 808 2668 ib.
827 2614 903 2668 554:
926 2602 1007 2685 βάζει
1030 2603 1122 2666 πολλοὶ
1151 2612 1205 2666 Tv-

125 2707 202 2779 ὃὲοις
225 2709 300 2786 βίαν.
342 2713 382 2770 ib.
401 2717 477 2769 603:
501 2713 596 2784 φῶτα,
622 2708 803 2779 Λασθένους
824 2709 904 2786 βίαν,
928 2705 1129 2787 ἀντιτάξομεν,
1153 2713 1205 2771 ubi

124 2813 250 2872 adnotat
272 2812 368 2872 Schol.
392 2814 449 2871 M.:
479 2815 720 2887 recompensacio
748 2807 800 2872 τὸν
826 2810 969 2887 Λασθένη
998 2809 1050 2872 τόν
1073 2809 1202 2892 ἰσχυρόν.

125 2918 180 2983 ch.
205 2916 264 2974 637
288 2936 343 2992 pro
367 2950 408 2961 -
431 2912 583 2992 Αἰγίσθου
606 2913 668 2973 dict
690 2917 882 2975 Hermannus
906 2917 1097 2992 conjecit-
1123 2914 1207 2995 Αἰγί-

125 3022 207 3076 σθου
230 3016 307 3093 βίαν.
354 3021 492 3077 Geterum
522 3018 558 3076 de
588 3019 680 3078 variis
710 3021 746 3078 ad
775 3020 855 3078 hunc
879 3040 996 3078 vorsum
1026 3021 1204 3094 excogitatis

125 3122 308 3196 conjecturis
330 3142 358 3180 v.
382 3124 446 3197 ejus
466 3120 697 3179 adnotationem.
733 3123 893 3181 Praeterea
914 3120 997 3180 locus
1013 3123 1205 3196 dignissimus

126 3230 173 3283 est
203 3244 290 3302 quem
319 3225 506 3283 nominemus
536 3224 588 3282 Oh.
613 3229 689 3282 886:
721 3220 885 3299 τέθνηκας,
918 3215 1030 3295 φίλτατ’
1052 3221 1205 3302 Αἰγίσθου

125 3324 187 3403 βία,
211 3347 280 3384 nam
301 3327 426 3404 perinde
449 3347 483 3386 ac
506 3327 528 3384 si
555 3335 697 3406 sequatur
713 3347 820 3385 nomen
843 3327 940 3404 ipsum
964 3326 1130 3403 (masculini
1156 3348 1206 3401 ge-

126 3430 238 3508 neris),
269 3428 400 3488 afficitur
430 3431 494 3504 ejus
517 3449 625 3502 genere
648 3435 711 3488 tota
735 3429 966 3488 circumlocutio.
1013 3430 1048 3488 ln
1072 3431 1205 3504 margine

126 3531 238 3591 codicis
259 3535 299 3591 M.
322 3534 380 3590 hoc
403 3532 539 3590 scholion
562 3537 623 3590 est:
646 3527 712 3588 ἀντὶ
737 3532 790 3589 τοῦ
814 3518 837 3589 oi
861 3528 989 3607 Αίγισθε
1011 3553 1040 3592 v.
1063 3535 1146 3591 Pers.
1169 3535 1205 3591 ad

126 3636 198 3693 Eur.
222 3635 295 3693 Hec.
320 3640 390 3693 293.
428 3635 516 3711 Apud
540 3636 704 3693 Homerum
727 3634 855 3713 quidem,
879 3635 935 3692 nisi
960 3655 1031 3694 vcro
1054 3636 1113 3694 huc
1135 3656 1203 3711 per·

126 3736 206 3795 tinet
227 3738 263 3795 Il.
286 3738 344 3809 HI,
371 3743 445 3797 105:
469 3729 549 3806 ι’ίξετε
572 3731 603 3794 δὲ
631 3730 779 3812 Πριάμοιο
803 3734 882 3812 βίην,
906 3729 974 3810 ὄφρ’
998 3729 1085 3813 ipssa
1108 3731 1204 3819 τοίμαη

127 3832 234 3911 αὐτός,
266 3861 325 3899 non
348 3841 497 3916 adjectiva
519 3840 570 3898 scd
593 3838 753 3916 partieipia
774 3845 891 3898 tantum
920 3841 952 3898 in
982 3840 1063 3898 hunc
1086 3841 1205 3898 modum

126 3944 258 4002 neminie
280 3943 394 4022 proprii
418 3962 511 4016 genus
532 3941 752 4018 adsciscunt1).

129 4080 176 4088 ..--
183 4080 307 4086 -,....--...
314 4080 332 4085 .-

198 4162 223 4227 1)
241 4164 271 4210 ct.
290 4163 317 4213 C.
338 4164 563 4227 Weidenlrall,
581 4164 667 4227 Progr.
686 4163 811 4228 Viteberg.
831 4180 915 4228 gymn.
935 4167 1009 4226 1870,
1027 4180 1083 4227 pag.
1099 4167 1121 4212 3.
