2850 4590
614 288 828 355 ..37.„.

180 439 369 524 τετρασκελὴς
384 437 651 522 κεντοιιιροπληθής
666 437 795 521 πόλεμος
810 445 899 504 Herc.
919 448 1000 502 1282
1023 446 1113 523 atque
1130 441 1260 520 plurima

182 551 270 624 talia,
300 570 376 630 quae
407 569 504 628 neque
527 548 629 608 mirari
659 547 822 606 desinimus
846 567 942 627 neque
964 550 1079 605 mutare
1108 546 1259 620 audemus,

182 655 267 734 quia,
291 674 381 732 quum
404 644 569 728 ἀλλοεθνὴς
591 645 720 728 πόλεμος
741 652 867 730 Dionys.
891 655 960 710 tutt.
982 651 1019 710 V.
1043 671 1066 709 c.
1091 655 1107 708 5
1132 649 1259 726 pariter-

181 779 238 838 que
261 761 427 834 tcmperuta
449 755 687 832 probaverimus,
712 774 788 835 quae
803 754 852 812 his
867 753 1038 813 minutatim
1060 759 1091 812 et
1112 753 1259 828 gradatim

180 861 366 920 accumulata
395 865 480 933 sunt,
512 860 671 938 repudiare
701 879 763 918 non
792 861 979 936 possumus.“
1026 858 1181 918 Hactenus
1211 859 1258 918 vin

179 965 377 1024 doctissimus.
401 999 441 1006 -—
470 963 527 1023 sed
551 964 696 1042 exempla,
719 962 827 1042 quibus
852 982 921 1020 usus
944 967 1003 1035 est,
1026 983 1087 1020 non
1109 963 1146 1021 ad
1169 982 1258 1037 gene-

179 1067 275 1129 tivum
307 1067 489 1146 objectivum
521 1068 572 1127 sed
604 1068 641 1126 ad
673 1065 872 1144 subjectivum
903 1065 1055 1143 pertinere
1088 1071 1133 1126 est
1163 1066 1256 1126 mani-

180 1173 299 1232 festum.

684 1306 753 1386 5⁶·
808 1347 810 1351 Α

265 1429 427 1488 Multorum
443 1430 603 1489 verborum
626 1427 786 1506 participia
801 1427 1057 1488 substantivorum
1078 1427 1175 1487 instar
1190 1447 1256 1487 cum

179 1532 319 1607 genetivo
336 1531 478 1603 construi,
501 1551 536 1590 ac
551 1530 725 1608 saepissime
741 1531 860 1611 quidem
875 1531 948 1590 tria:
972 1522 1135 1606 συνάρχων,
1153 1523 1256 1603 τεκόν,

178 1628 339 1711 προσήκων
363 1634 494 1693 ostendit
517 1635 603 1692 docta
625 1635 711 1693 Lob.
735 1635 771 1691 ad
795 1633 850 1692 Ai.
873 1651 902 1692 v.
928 1639 999 1693 360.
1045 1632 1140 1697 Quem
1164 1646 1255 1715 quum

179 1738 315 1815 exemplo
339 1759 383 1809 eo,
407 1736 485 1816 quod
509 1735 582 1794 mihi
606 1736 638 1793 in
660 1735 760 1794 animo
784 1742 849 1795 erat
870 1756 991 1813 ponere,
1011 1739 1074 1813 jam
1088 1757 1175 1796 usum
1190 1758 1255 1797 esse

179 1840 296 1902 videam
318 1841 400 1898 Pers.
426 1845 502 1899 245:
534 1833 639 1897 ἰόντων
668 1842 731 1908 τοῖς
759 1841 904 1910 τεκοῦσιν,
933 1840 1023 1900 liceat
1051 1847 1152 1900 tamen
1180 1843 1254 1901 mihi

177 1945 298 2003 laudare
325 1944 424 2002 locum
446 1943 527 2019 Sept.
551 1948 607 2002 49:
637 1935 766 2017 μνημεῖό
788 1934 821 1999 θ’
844 1934 944 2001 adroic
970 1946 1033 2012 τοῖς
1054 1945 1191 2003 τεκοῦσιν
1214 1942 1255 2014 εἰς

178 2039 291 2121 δόμους
313 2083 365 2118 -,
396 2046 446 2105 ubi
470 2037 570 2104 ιιῦτῦν
591 2066 652 2104 non
674 2046 773 2105 minus
800 2047 837 2106 ad
860 2049 988 2122 μνημεῖα
1010 2047 1143 2123 pertinet
1167 2067 1255 2127 quam

177 2153 215 2210 ad
238 2155 301 2220 τοῖς
323 2151 468 2210 τεκοῦσιν.
514 2151 758 2226 componendum
780 2155 826 2209 est
847 2152 900 2211 ch.
923 2157 978 2210 64:
1000 2145 1119 2230 θιγόντι
1140 2143 1167 2210 δ’
1190 2144 1254 2210 οῦτι

176 2255 337 2327 νυμφικῶν
359 2250 487 2313 ἑδωλίων
514 2251 519 2336 Ι
547 2245 629 2322 όκος.
674 2254 828 2314 Consimili
852 2255 931 2314 enim
953 2255 1003 2314 hic
1025 2257 1142 2316 ratione
1164 2279 1253 2331 gene-

176 2359 256 2418 tivus
287 2359 446 2433 νυμφικοῦν
468 2352 597 2415 ἑδωλίων
627 2361 658 2416 et
679 2358 717 2416 ad
738 2349 858 2435 θιγόντι
887 2359 976 2417 etad
999 2349 1072 2428 ῦιιος
1102 2366 1148 2419 est
1176 2365 1253 2421 refe-

175 2462 294 2521 rendus.

681 2596 750 2676 5⁷·

260 2718 424 2779 Reservavi
454 2719 491 2776 ad
522 2725 690 2778 extremum
720 2718 875 2793 genetivos
906 2721 1070 2796 objectivos
1092 2742 1251 2800 suspensos

175 2844 213 2883 ox
236 2821 446 2893 substantivis,
470 2841 596 2901 quorum
619 2823 711 2882 verba
733 2841 794 2879 non
821 2821 921 2883 dativo
945 2829 997 2882 aut
1018 2827 1187 2886 accusativo
1210 2862 1251 2871 -

174 2925 206 2984 hi
229 2925 309 2984 enim
331 2930 401 2984 sunt
422 2923 488 2985 veri
511 2923 706 3004 germanique
732 2925 949 3001 casus‘objecti
972 2961 1014 2970 -
1036 2928 1087 2986 sed
1110 2930 1249 3003 genetivo

172 3033 203 3087 et
225 3027 356 3102 genuino
379 3032 409 3086 ct
431 3027 563 3088 ablativo
586 3026 786 3104 applicantur.

264 3133 291 3211 l)
314 3123 453 3207 μνήμη.
488 3132 537 3191 Pr.
562 3135 640 3190 463:
663 3123 782 3206 μνήμην
804 3121 953 3191 ἁπάντων.
986 3135 1144 3207 genetivus
1167 3138 1250 3199 deest

172 3235 274 3312 Suppl.
292 3241 370 3295 260:
393 3227 515 3311 μνήμην
538 3224 596 3292 τότ’
611 3224 790 3309 ἀπόμισθον
811 3226 910 3313 ηὕρετ’
925 3232 957 3294 ἓν
978 3238 1078 3307 λιτοῖς.
1095 3273 1137 3282 -
1160 3261 1248 3301 con-

173 3343 281 3398 creta
303 3337 436 3415 ejusdcm
458 3338 577 3413 generis
599 3337 804 3414 reperiuntur:

257 3442 289 3520 2)
312 3442 448 3518 μνήμα.
486 3443 535 3502 Pr.
555 3446 631 3500 839:
654 3441 706 3516 τής
729 3441 783 3518 σῆς
805 3439 927 3522 πορείας
949 3444 1051 3520 μνῆμα
1072 3449 1135 3516 τοῖς
1157 3437 1247 3509 πᾶσιν

171 3542 298 3624 βροτοῖς.

258 3648 289 3725 3)
311 3650 504 3724 μνημεῖον.
539 3648 622 3724 Sept.
640 3653 696 3708 49:
719 3652 846 3726 μνημεῖα
868 3640 901 3706 θ’
923 3642 1022 3710 ottus
1045 3656 1107 3723 τοῖς
1128 3659 1246 3717 τεκοῦσι

170 3750 210 3828 (v.
233 3751 333 3827 paullo
357 3753 467 3830 supra).
512 3751 646 3813 dativum
673 3753 846 3833 ceteroquin
877 3754 997 3834 utrique
1027 3757 1092 3819 voci
1123 3758 1247 3839 insuper

170 3854 318 3930 adjectum
342 3854 430 3916 velim
453 3855 630 3915 consideres.

256 3958 288 4034 4)
310 3954 449 4035 ἵμερος.
477 3960 524 4032 Ag
537 3963 625 4020 buu:
649 3961 708 4018 νῦν
723 3952 912 4039 όντεροόντοιν
929 3958 1019 4044 ἱμέρῳ
1034 3962 1243 4045 πεπληγμένοι.

170 4060 284 4120 Ceteris
305 4060 379 4120 locis
402 4061 541 4140 (septem)
565 4064 739 4137 genetivum
761 4085 822 4123 non
844 4066 937 4125 habet
958 4086 1065 4127 secum.

257 4163 288 4241 5)
311 4159 411 4243 ἔρως.
442 4167 500 4239 Ag.
519 4170 594 4226 518:
616 4163 692 4246 ἔρως
707 4161 847 4250 πατρῴοις
861 4167 947 4245 τῆσδε
962 4172 1025 4251 γῆς.
1060 4174 1146 4234 Eum.
1164 4179 1242 4240 849:
