2850 4590
609 299 822 366 „45-

181 454 265 515 τείνει
288 449 402 537 πύργος
416 455 472 537 -)
494 477 643 538 nusquam
663 457 777 534 legitur
797 457 829 516 in
845 455 991 535 Aeschyli
1013 455 1176 533 tragoediis
1198 456 1258 516 nisi

179 561 261 620 Pers.
279 566 356 620 328:
385 539 501 619 πολλῶν
525 555 680 635 παρόντων
705 554 758 635 [δ’]
782 554 856 638 ὀλίγ’
882 551 1053 638 ἀπαγγέλλω
1076 553 1173 633 πακά,
1204 561 1257 621 ubi

180 663 401 725 substantivum
430 655 508 720 πακά
538 662 571 722 in
601 664 704 723 eodem
734 684 804 723 casu
837 667 883 722 est
911 663 1096 722 collocatum.
1140 660 1259 726 ’πολλῶν

179 761 338 844 παρόντων
359 767 470 845 (Schcl.
488 769 547 826 M.:
575 765 667 825 λείπει
690 761 722 825 τό
746 764 859 841 κακῶν)
882 766 1042 840 genetivus
1072 771 1117 826 cet
1140 767 1259 845 partiti·

178 891 235 932 vus
257 890 293 943 „e
315 870 419 929 multis
441 905 482 912 —
505 889 600 949 pauca
621 871 729 929 mala.“

264 966 369 1049 βαιά.
404 975 487 1033 Pers.
505 979 583 1032 9962
607 965 679 1048 βαιά
701 965 726 1050 γ’
750 964 791 1042 ῶς
813 965 874 1031 ἀπό
898 973 1024 1030 πολλῶν.
1061 975 1258 1054 Nequaquam

177 1076 431 1155 praepositionem
458 1078 537 1136 hanc
560 1068 622 1135 ἀπό
645 1076 748 1135 eadem
776 1075 893 1135 ratione
921 1075 1058 1152 positam,
1080 1096 1144 1135 esse
1167 1077 1256 1138 debe-

178 1200 244 1239 mus
273 1180 398 1252 ducere,
431 1199 490 1258 qua
524 1201 541 1237 a
569 1178 673 1237 latinis
704 1178 900 1257 scriptoribus
930 1178 1168 1256 praepositiones
1198 1203 1257 1255 ex,

179 1282 237 1356 dc,
267 1282 373 1342 inter
399 1286 584 1360 usurpantur
612 1302 666 1360 pro
689 1281 829 1357 genetivo
853 1281 1009 1359 partitivo.
1053 1281 1256 1361 Principalem

178 1384 379 1459 significatum
395 1385 530 1447 servavit
549 1385 732 1463 praepositio
750 1389 785 1444 ut
799 1385 908 1444 merito
923 1384 1142 1463 interpretatur
1157 1388 1255 1465 Schol.

178 1490 236 1547 M.:
267 1481 348 1566 όλίγα
379 1481 504 1562 ίσῶθη
534 1480 608 1546 ἀπό
636 1489 745 1562 πολλῆς
772 1487 945 1556 πανοπλίας.
990 1488 1083 1548 Thuc.
1099 1490 1158 1562 ΠΙ,
1186 1495 1255 1564 112,

180 1596 214 1650 8:
246 1583 337 1669 όλίγοι
368 1583 429 1648 ἀπό
459 1592 576 1648 πολλῶν
600 1583 766 1666 ἐσώθησαν.
813 1592 839 1663 I,
865 1595 934 1663 110,
961 1596 972 1648 l
1003 1589 1054 1667 (cf.
1078 1592 1131 1666 IV,
1155 1600 1187 1665 9,
1214 1594 1254 1671 1.)

177 1695 248 1765 VII,
272 1693 321 1767 87,
345 1700 378 1753 6:
401 1687 495 1771 ὀλίγοι
518 1685 578 1750 ἀπό
594 1693 711 1750 πολλῶν
728 1729 762 1736 -
784 1688 996 1768 ἀπενόστησαν.
1040 1696 1146 1774 Neque
1165 1696 1254 1755 aliter

175 1796 378 1872 judicandum*
391 1801 438 1857 est
459 1797 496 1855 dc
517 1796 592 1855 locis
612 1795 782 1856 Homericis
805 1796 859 1856 Od.
876 1797 933 1870 IX,
960 1802 1028 1871 192,
1051 1833 1093 1842 -
1114 1790 1180 1855 οἷον
1201 1792 1254 1858 ἀπ’

177 1893 280 1957 ἀλλων.
324 1899 414 1973 XXI,
438 1904 516 1958 364:
540 1889 605 1956 οἶον
628 1891 679 1956 ἀπ’
696 1892 869 1976 ἀνθροόπων
892 1899 942 1976 (cf.
965 1900 1010 1959 ibi
1024 1900 1137 1960 Ameie.
1161 1902 1251 1980 adm).

264 2008 292 2062 3.
317 1993 379 2072 εἷς.
426 2003 507 2081 Sept.
525 2007 602 2061 526:
626 2003 713 2075 φῶτα
734 2001 890 2078 Καδμείων
912 1999 971 2060 ἕνα.
1016 2005 1102 2063 Eum.
1120 2004 1197 2070 579:
1219 2003 1253 2063 tv

177 2100 229 2182 μὲν
251 2099 315 2164 τόδ’
342 2098 400 2182 ἤδη
423 2107 481 2164 τῶν
499 2107 591 2184 τριῶν
606 2099 826 2181 παλαισμάτων.
871 2107 921 2165 Pr.
939 2111 1015 2166 863:
1039 2105 1108 2181 μίαν
1131 2103 1163 2165 δὲ
1185 2108 1252 2166 ποί·

177 2205 246 2267 δων.
272 2242 312 2252 -

265 2318 293 2371 4.
317 2306 458 2382 οὐδείς.
504 2313 590 2371 llum.
610 2316 684 2371 101:
716 2305 842 2380 οὐδεὶς
870 2303 945 2389 ἀπίρ
968 2333 1027 2387 μου
1050 2306 1252 2388 δαιμόνων

175 2413 315 2491 μηνίεται.
360 2407 1059 2494 1ο.109εὅρωούδειδςκοωήνθεσν.
1104 2419 1154 2475 Pr.
1173 2420 1250 2476 912:

174 2511 274 2587 οὐδεὶς
296 2520 407 2576 θεῶν.

261 2626 288 2680 5.
325 2626 466 2681 neutrum
500 2613 627 2680 οὐδέν.
673 2622 777 2700 Suppl.
803 2626 879 2680 695:
915 2613 1002 2680 οὐδὲν
1036 2619 1116 2680 ἔσται
1147 2622 1249 2681 τῶνδε.

173 2726 272 2783 Prom.
290 2730 368 2783 962:
392 2719 487 2807 πεόσγγ
505 2717 559 2802 γάρ
577 2716 664 2784 οὐδὲν
680 2711 722 2782 ῶν
737 2719 900 2801 ἀνιστορεῖς
916 2720 973 2798 int.
1012 2725 1053 2784 ib.
1072 2731 1149 2784 983:
1174 2722 1250 2803 ἐρεῖν

174 2824 272 2897 ἐόυιας
302 2820 390 2886 οὐδὲν
421 2814 463 2885 ῶν
491 2819 586 2911 χρῄζει
616 2820 725 2905 πατήρ.
768 2827 809 2921 ib.
827 2833 904 2887 994:
937 2821 1047 2907 γνάψει
1075 2822 1130 2907 γάρ
1160 2823 1250 2886 οὐδὲν

173 2927 264 2988 τῶνδέ
287 2923 315 3005 μ’
338 2923 411 2988 ῶστε
433 2927 484 2988 παλ
508 2923 621 3008 ωράσαι
641 2931 644 3008 Ι
665 2923 742 3008 πρός
765 2917 801 2988 οὗ

260 3040 288 3093 6.
312 3031 450 3110 μηδείς.
496 3035 709 3092 claraclara
731 3034 843 3092 nullo
868 3034 1020 3092 omnino
1043 3035 1123 3093 loco
1146 3055 1248 3094 usum

172 3158 258 3196 esse
280 3137 519 3214 Aeschylum
541 3136 695 3211 dignum
726 3141 784 3195 cst
816 3137 914 3215 quod
944 3143 1106 3197 notetur.
1152 3139 1247 3196 Neu-

172 3245 270 3298 trum
293 3234 401 3315 μιγδὲν,
425 3240 504 3318 quod
527 3239 701 3318 quindecies
725 3239 845 3299 omnino
868 3240 1033 3319 reperitur,
1067 3242 1159 3299 semel
1181 3247 1247 3299 tan-

170 3347 235 3402 tum
258 3343 389 3403 sociatur
411 3362 478 3401 cum
501 3343 642 3418 genetivo
657 3342 803 3421 partitive
826 3344 908 3420 Sept.
926 3349 1003 3402 232:
1026 3336 1063 3400 οὗ
1088 3347 1155 3422 σῖγα
1177 3365 1247 3420 μιγ-

172 3444 188 3502 δ
196 3440 231 3503 ἓν
253 3439 353 3504 τῶνδ’
380 3441 456 3524 ἐρεῖς
477 3439 554 3504 πατά
576 3438 692 3517 πτόλιος

258 3549 285 3608 7.
309 3541 461 3617 πάυτες.
485 3548 534 3626 (de
557 3553 664 3608 neutro
687 3550 748 3606 πᾶν
764 3541 873 3627 χρόνου
895 3551 982 3609 Eum.
1000 3554 1060 3607 660
1083 3571 1112 3612 v.
1134 3572 1165 3629 p.
1181 3551 1244 3627 48.)

170 3652 273 3729 Suppl.
297 3652 424 3712 exhibet
441 3654 500 3711 M.:
534 3646 659 3711 ἀστῶν
689 3645 721 3710 δὲ
748 3653 820 3711 πᾶσι
843 3651 976 3710 τοῖσδε
998 3645 1144 3722 κοινῶσας
1166 3651 1242 3732 πέρι.

169 3754 350 3816 Emendavit
372 3754 519 3830 Scaliger:
550 3748 685 3824 ἀστοῖς
707 3749 738 3810 δὲ
761 3755 832 3812 πᾶσι
855 3753 947 3812 τῶνδε
964 3800 968 3811 .
988 3799 1012 3824 .,
1039 3756 1117 3814 nihil
1139 3760 1175 3815 ut
1196 3755 1244 3828 sit,

171 3859 250 3937 quod
272 3858 433 3918 desideres.
478 3857 636 3918 Pauwius:
668 3849 792 3914 ἀστῶν
815 3876 846 3935 γε
868 3858 961 3915 πᾶσι
985 3856 1077 3916 τῶνδε
1100 3860 1245 3917 κοινῶσαι

170 3957 254 4041 πέρι,
278 3982 366 4042 quam
388 3961 585 4021 mutationem
609 3960 817 4038 comprobavit
838 3960 998 4019 Heathius.

255 4071 283 4125 8.
312 4059 463 4142 ἥμισυς.
508 4065 593 4124 Eum.
619 4069 697 4123 424:
729 4062 815 4121 δυοῖν
837 4058 1000 4144 παρόντοιν
1022 4056 1131 4140 ἥμισυς
1152 4058 1242 4143 λόγου

168 4189 259 4247 παρα.
