2850 4590
260 1294 489 1410 Quaestionum
511 1328 548 1386 de
571 1347 691 1386 casuum
707 1327 826 1406 syntaxi
843 1328 1012 1406 Aeschylea
1027 1330 1085 1388 hoe
1100 1331 1249 1408 specimen

172 1431 303 1507 primum
327 1451 417 1510 quum
441 1431 496 1489 sim
519 1432 658 1504 daturus,
688 1431 773 1490 doleo
796 1452 851 1504 ego
873 1433 1068 1493 vehementer
1091 1434 1169 1512 quod
1192 1454 1251 1492 non

171 1534 300 1608 contigit
322 1535 395 1592 mihi
425 1540 459 1593 ut
488 1534 573 1592 simul
606 1534 773 1592 emitterem
803 1535 955 1593 elaborata
985 1555 1061 1614 quas
1089 1537 1251 1614 conscripsi

170 1643 327 1715 praeterea
348 1639 385 1695 de
407 1637 540 1711 genetivi
562 1638 630 1698 vioe
653 1637 777 1698 ablativi
799 1639 955 1711 fungentis
985 1659 1056 1710 usu,
1088 1641 1171 1715 cujus
1201 1661 1252 1699 ex·

170 1741 303 1799 cutiendi
327 1761 414 1800 causa
436 1741 566 1818 amplam
587 1761 687 1800 rerum
707 1741 862 1800 materiam
879 1742 1119 1822 uberrimamque
1135 1744 1252 1820 copiam

170 1864 386 1918 congesseram.

256 1949 313 2008 Sed
337 1969 375 2006 ne
397 1967 432 2006 ea
456 1948 580 2026 quidem·
607 1965 682 2026 quae
705 1947 763 2005 hoe
791 1946 894 2006 libello
923 1948 1132 2021 continentur,
1163 1948 1252 2025 plane

169 2060 323 2128 spreturus
346 2071 410 2109 esse
432 2051 508 2110 mihi
530 2050 695 2128 persuadeo
725 2070 775 2108 eos
800 2050 850 2128 qui
874 2069 996 2126 operam
1019 2057 1133 2110 navant
1160 2053 1252 2125 tragi-

169 2174 272 2213 corum
302 2152 476 2229 graecorum
506 2152 652 2231 principis
684 2153 794 2212 fabulis
831 2153 1027 2231 explicandis.
1082 2155 1141 2214 Vix
1172 2155 1252 2214 enim

170 2257 329 2331 negaverit
344 2258 511 2338 quisquam,
535 2257 560 2315 si
577 2256 644 2336 quis
660 2257 700 2315 sit
714 2257 849 2316 curiosus
867 2256 899 2315 in
915 2258 1101 2335 exquirendo
1117 2260 1252 2336 Aeschy-

169 2361 227 2434 leo,
252 2362 330 2440 quod
352 2361 501 2438 permulta
516 2361 627 2420 habeat
649 2359 761 2418 eximia
783 2365 814 2418 et
835 2379 958 2438 prorsus
974 2360 1140 2435 singularia
1154 2362 1252 2420 adhuc

170 2463 322 2538 neglecta,
353 2484 463 2538 genere
493 2463 628 2535 dicendi,
660 2483 727 2522 eum
756 2483 818 2522 non
849 2467 965 2522 tantum
993 2463 1130 2522 excolere
1157 2469 1251 2523 artem

169 2568 395 2640 grammaticam
416 2587 521 2629 verum
538 2566 637 2638 etiam,
660 2565 732 2624 licet
753 2567 789 2624 ad
806 2565 924 2625 codices
939 2566 1129 2642 potissimum
1145 2567 1252 2626 debeat

168 2671 269 2729 redire
291 2691 339 2729 res
361 2671 481 2743 critica,
512 2689 615 2729 ansam
639 2669 769 2748 aliquam
792 2670 904 2728 habere
931 2670 968 2728 ad
991 2671 1180 2746 reponendos
1202 2671 1252 2731 vel

168 2774 282 2832 rectius
304 2774 546 2852 interpretandos
569 2773 651 2832 locos
667 2772 782 2844 dubios,
806 2772 856 2852 qui
879 2773 958 2831 haud
981 2772 1025 2832 ita
1040 2773 1127 2851 pauci
1149 2773 1251 2847 legan-

169 2882 220 2935 tur
242 2879 319 2954 apud
342 2877 534 2955 Aeschylum.
557 2909 599 2918 —
628 2876 678 2934 Ita
699 2875 748 2937 vel
771 2894 825 2949 ego
853 2875 943 2933 initia
971 2877 1046 2934 haec
1068 2895 1180 2952 ponere
1203 2895 1251 2935 eo·

170 2985 259 3038 natus
290 3001 355 3039 sum
385 2981 521 3059 syntaxis
545 2979 745 3058 Aeschyleae‚
777 2999 868 3059 quum
891 2980 1082 3057 praesertim,
1115 2981 1250 3060 quemvis

170 3084 211 3140 sit
231 3082 338 3157 ingens
360 3086 423 3143 fere
446 3103 587 3142 numerus
608 3082 755 3141 librorum
770 3093 876 3159 poetae
891 3081 993 3142 verbis
1015 3082 1251 3160 interpretandis

169 3186 307 3246 textuive
327 3187 513 3245 restituendo
535 3185 772 3258 inservientium,
797 3185 904 3244 mirum
921 3204 1009 3264 quam
1026 3186 1113 3261 pauci
1129 3207 1250 3247 versen-

169 3290 274 3349 turin
299 3290 509 3364 investigando
532 3309 614 3348 more
637 3289 788 3367 loquendi.

257 3393 397 3455 Genetivi
418 3394 513 3471 ipsius
536 3412 622 3451 usum
643 3396 678 3450 ut
699 3410 895 3470 persequerer
917 3411 1008 3470 quum
1029 3391 1097 3469 plus
1119 3411 1180 3452 una
1202 3413 1248 3452 me

169 3500 365 3574 permovebat
395 3516 483 3555 causa
512 3500 575 3554 tum
600 3515 634 3554 ea
657 3494 817 3572 praecipue
841 3495 919 3573 quod
948 3495 1124 3554 satmultas
1146 3497 1247 3555 resin

169 3600 255 3658 illum
276 3601 456 3680 quadrantes
479 3599 646 3658 accuratius
661 3598 816 3676 aliquanto
832 3597 906 3655 mihi
922 3597 1027 3658 videor
1042 3599 1247 3677 explicavisse,

171 3720 245 3780 quas
261 3702 319 3763 riri
335 3703 520 3777 grammatici
544 3702 654 3760 adhoc
677 3708 793 3778 tempus
810 3701 858 3760 vel
880 3701 989 3759 leviter
1003 3700 1249 3773 significaverunt

169 3804 219 3865 vel
242 3826 280 3863 ne
302 3807 483 3883 primoribus
508 3806 635 3884 quidem,
660 3810 694 3862 ut
717 3805 835 3876 dicitur,
859 3804 950 3862 labris
973 3805 1147 3877 attigerunt.

256 3910 292 3966 Id
322 3929 414 3983 agens
442 3909 587 3980 maxime,
618 3915 652 3966 ut
675 3907 815 3985 Aeschyli
845 3927 932 3965 usum
962 3926 1051 3986 quam
1080 3907 1248 3969 firmissime

170 4012 383 4072 constituerem
408 4012 543 4092 quamvis
562 4010 781 4088 praetermissis
796 4011 885 4069 rebus
901 4010 1074 4084 notissimis,
1098 4013 1134 4070 de
1149 4013 1247 4087 graeei

169 4115 304 4190 genetivi
319 4116 350 4177 vi
366 4122 395 4175 et
411 4121 526 4189 natura,
550 4133 626 4194 quae
642 4119 687 4172 tot
709 4117 867 4193 tantasque
883 4114 1022 4174 habuerit
1037 4115 1247 4191 dubitationes,

1030 4222 1052 4275 l
