2850 4590
694 286 908 352 ..16-

345 439 494 514 σθένος.
540 446 626 504 Eum.
651 449 728 504 295:
759 435 842 502 οῦτοι
872 435 896 501 σ’
918 434 1067 502 Ἀπόλλων
1090 432 1155 500 οὐδ’
1177 433 1342 518 Ἀθηναίας

259 543 366 616 σθένος
397 545 402 628 l
432 538 545 623 ῥύσαιτ’
575 538 622 608 άν.
675 548 780 627 Neque
812 547 912 605 minus
946 545 1241 605 circumlocutionem
1275 545 1341 606 loco

260 650 391 709 nominis
413 650 530 727 proprii
554 649 692 726 usurpari
713 651 815 726 judico
838 652 888 710 Pr.
914 654 990 709 430:
1011 641 1172 718 ’Ἄτλαντος
1194 639 1341 727 ῦπέροχον

261 748 370 822 σθένος
392 744 544 831 κραταιόν.
590 754 703 812 Eadem
725 753 844 812 ratione
874 759 964 833 atque
988 751 1146 826 genetivus
1174 771 1340 828 pronomen

260 856 461 932 possessivum
490 859 592 932 aptum
625 857 771 935 estquod
796 856 945 934 exprimat
963 854 1151 932 pronominis
1173 853 1341 930 personalis

260 978 419 1035 personam
442 959 601 1017 secundam
624 960 709 1017 Eum.
735 958 790 1017 87:
814 953 925 1028 σθένος
946 953 978 1015 δέ
1001 960 1098 1016 ποιεῖν
1120 943 1154 1015 ed
1177 953 1342 1037 φερέγγυον

259 1054 292 1118 τό
316 1054 370 1119 σόν
393 1056 515 1140 (σθένος
538 1052 570 1119 τό
594 1051 648 1119 σόν
671 1061 751 1120 idem
773 1062 856 1121 valet
877 1066 967 1141 atque
990 1053 1049 1139 σά).

345 1160 461 1238 μένος
492 1165 697 1242 metaphorice
730 1185 784 1241 per
816 1165 1007 1242 periphrasin
1040 1163 1184 1222 describit
1215 1162 1341 1224 fiuvium

260 1267 361 1344 Suppl.
386 1272 462 1326 543:
494 1258 554 1325 ὅντ’
578 1263 727 1346 ἐπέρχεται
755 1269 848 1342 Τυφῶ
878 1263 966 1343 μένος
987 1259 1070 1344 ῦδωρ
1099 1256 1132 1324 τό
1157 1263 1266 1323 Νείλου
1288 1267 1340 1341 (cf.

259 1371 349 1448 Soph.
373 1371 422 1429 Tr.
447 1371 522 1429 507:
554 1361 572 1428 ό
600 1363 653 1445 μέν
684 1357 722 1445 ἦν
751 1371 890 1446 ποταμοῦ
920 1366 1030 1439 σθένος
1056 1404 1090 1412 -
1115 1360 1275 1450 Ἀχελῷος).
1299 1403 1342 1413 —

261 1475 345 1531 Haeo
382 1493 501 1553 quoque
535 1472 790 1552 circumloquendi
824 1473 901 1533 ratio
939 1473 972 1531 in
1009 1472 1182 1531 memoriam
1218 1476 1342 1532 revocat

261 1575 298 1634 Il.
314 1576 432 1649 XVIII,
451 1577 521 1634 607.
544 1576 632 1650 XXI,
652 1581 720 1650 195,
738 1582 815 1635 356:
839 1575 937 1634 καίετο
960 1567 985 1633 δ’
998 1573 1029 1644 λς
1052 1576 1198 1650 ποταμοῖο
1223 1570 1296 1642 έπος
1318 1563 1340 1630 τ’

260 1670 344 1752 ἔφατ’
368 1675 399 1736 έκ
428 1670 451 1734 τ’
474 1671 625 1754 ὀνόμαζεν.
650 1713 691 1722 -
721 1679 790 1738 Alia
820 1685 866 1738 est
894 1677 1051 1738 translatio
1080 1679 1133 1737 Oh.
1161 1679 1257 1736 1073:
1287 1679 1344 1734 ποῖ

260 1776 413 1858 καταλήξει
438 1777 669 1858 μετακοιμισθὲν
692 1778 780 1857 μένος
803 1774 883 1859 άιης.

346 1877 496 1963 κράτος.
541 1886 700 1947 namot:
734 1883 985 1953 Ποσειδῶνος
1013 1876 1153 1961 κράτος
1175 1878 1187 1965 ΙΙ
1210 1883 1340 1940 καλοῦσα

259 1986 310 2048 καί
341 1984 448 2047 τέλειον
479 1981 643 2063 ῦφιστον
671 1987 741 2045 Δία
764 1987 916 2065 (Minerva
940 1987 1071 2048 'vocatur
1100 1987 1281 2064 Septim:
1315 1971 1340 2043 oi

262 2086 399 2171 Διογενὲς
421 2084 587 2165 φιλόμαχον
608 2081 718 2167 κράτος
739 2092 849 2163 „robus
879 2110 981 2150 amans
1011 2094 1158 2168 pugnae“,
1191 2095 1225 2148 ut
1253 2088 1339 2146 belli·

263 2215 361 2254 cosam
385 2213 449 2253 eam
473 2213 538 2252 esse
561 2192 769 2271 significetur).

348 2291 458 2373 ἰσχῦς.
505 2297 585 2374 Sept.
612 2300 709 2354 1059:
740 2287 810 2370 μετά
841 2287 1058 2387 γάρὶμάκαρας
1086 2291 1135 2353 καί
1160 2287 1233 2364 Διός
1257 2287 1339 2372 λσχῦν

263 2398 267 2482 l
298 2393 349 2457 όδε
378 2395 536 2473 Καδμείων
566 2390 655 2475 ἤρυξε
685 2390 787 2469 πόλιας
823 2418 888 2457 cum
918 2399 1057 2473 genetivo
1088 2399 1132 2457 rei
1162 2400 1220 2458 hoc
1250 2419 1340 2457 sensu

259 2502 398 2580 jungitur
429 2501 482 2560 illa
513 2521 589 2562 vox:
623 2502 706 2560 Pers.
739 2506 813 2559 149:
847 2493 868 2577 ἢ
901 2495 1090 2579 δορυκράυου
1121 2495 1226 2581 λόγχης
1260 2494 1341 2578 ίσχῦς

262 2597 450 2683 κεκράτηκεν.
467 2638 509 2648 -
532 2605 620 2662 Ηοαδ
642 2603 731 2663 aliter
753 2603 865 2662 dictum
889 2609 934 2663 est
956 2608 1011 2678 Ag.
1029 2605 1105 2663 274:
1129 2596 1210 2680 ίσχῦς
1231 2624 1339 2682 πορευ-

262 2709 317 2766 τοῦ
339 2701 495 2782 λαμπάδος
517 2707 581 2785 (ubi
604 2712 705 2765 tamen
729 2702 816 2782 ίχθῦς
839 2707 1004 2784 suspicatus
1028 2712 1073 2765 est
1095 2706 1274 2783 Ahreusiua)
1298 2741 1339 2749 —

263 2816 353 2889 atque
375 2809 455 2886 Sept.
480 2815 558 2868 469:
580 2805 717 2888 τέταρτος
740 2801 826 2878 άλλος
847 2843 889 2852 -
909 2800 1137 2886 Ἱππομέδοντος

350 2913 471 2988 σχῆμα
502 2907 552 2970 καί
585 2907 699 2992 μέγας
733 2905 852 2980 τόπος
886 2915 963 2974 conf.
997 2914 1063 2972 adu.
1094 2913 1192 2974 Schol.
1223 2915 1263 2972 M.
1298 2947 1339 2956 -—

263 3015 370 3074 Blomf.
393 3015 481 3088 gloss.
505 3020 576 3073 484.

348 3117 404 3176 Sed
428 3138 489 3176 non
519 3118 614 3176 solum
644 3117 778 3193 corporis
807 3120 887 3177 bona
910 3119 1018 3198 quibus
1041 3120 1162 3179 habitus
1192 3126 1222 3178 et
1243 3121 1340 3193 figura

264 3221 389 3297 alicujus
404 3221 578 3295 efferuntur,
593 3240 761 3298 personam,
778 3221 814 3279 de
831 3241 891 3300 qua
905 3221 1013 3296 agitur,
1031 3223 1115 3302 quusi
1131 3244 1185 3302 per
1196 3224 1340 3281 ambitum

264 3326 425 3383 verborum
455 3325 614 3383 enuntiant
635 3344 738 3386 verum
768 3323 858 3383 etiam
887 3329 966 3384 artes
989 3326 1080 3384 animi
1104 3328 1152 3385 Pr.
1177 3332 1253 3384 380:
1284 3316 1341 3383 ἔστ’

264 3419 302 3485 όν
318 3419 392 3494 Διός
414 3419 589 3504 φρόνημα
611 3419 736 3508 λωφήσῃ
759 3418 855 3502 χόλου.
891 3432 947 3502 Ag.
965 3434 1042 3488 560:
1065 3422 1169 3507 χάρις
1190 3422 1341 3505 τιμήσεται

265 3523 339 3598 Διός
361 3520 422 3587 τόδ’
444 3521 623 3607 έκπράξασα.
661 3531 710 3587 Pr.
735 3534 811 3588 901:
834 3525 906 3604 μηδέ
930 3525 1107 3609 κρεισσόνων
1126 3528 1131 3614 Ι
1151 3533 1232 3589 θεῶν
1253 3527 1340 3610 έρως

265 3633 320 3707 (--
338 3627 403 3689 θεοί
429 3627 565 3709 ἐρῶντες)
598 3622 733 3703 άφυκτον
763 3625 844 3707 όμμα
865 3627 1049 3713 προσδράκοι
1071 3654 1115 3710 με.
1160 3636 1228 3694 Huc
1251 3635 1341 3692 etiam

264 3738 376 3794 referas
392 3733 494 3810 Suppl.
512 3732 565 3793 57:
589 3725 712 3791 άκοόειν
728 3726 788 3792 όπα
804 3736 856 3804 τῦς
875 3735 1034 3813 Τηρείας
1049 3731 1204 3813 μήνιδος
1220 3733 1341 3814 οἰκτρᾶς

265 3829 384 3912 άλόχου.
413 3835 511 3894 Schol.
521 3837 575 3894 M.:
597 3834 721 3913 Τηρείας
732 3829 855 3912 μήτιδος
867 3831 942 3896 κατά
953 3839 1131 3917 περίφρασιν
1143 3841 1196 3898 τοῦ
1213 3833 1340 3918 Τηρέως.

264 3941 341 3999 Nam
356 3940 399 3998 ita
413 3939 510 3998 locum
527 3939 677 3997 difficilem
695 3940 848 4014 aptissime
864 3941 1008 4016 explicari
1026 3943 1231 4001 contenderim
1244 3943 1281 4020 ¹).

335 4158 359 4227 1)
377 4161 540 4221 „Contortum
558 4168 582 4209 et
599 4175 743 4223 perversum
761 4167 798 4212 est
816 4163 999 4226 quodquidam
1017 4166 1156 4227 voluerunt,
1177 4166 1341 4215 Philomelam
