2850 4590
605 317 817 383 ..65-

171 466 438 553 μειλικτήριος
460 474 509 555 (cf.
532 496 560 553 p.
578 471 640 551 31).
685 477 767 534 Pers.
792 480 869 534 608:
899 465 974 554 άπερ
1002 477 1131 556 νεκροῖσι
1159 477 1247 552 μειλι·

170 568 285 655 κτήρια.
330 577 400 639 vids
424 577 515 638 eliam
537 578 590 638 oh.
617 581 670 636 15:
692 572 838 655 νερτέροις
859 575 1038 655 μειλίγματα.

256 681 420 742 Genetivus
443 679 593 740 omittitur
615 684 670 754 Ag.
689 684 760 739 624.
784 680 838 739 ch.
857 685 927 739 492.
949 681 1034 740 Eum.
1052 679 1122 740 767.
1146 681 1248 759 Suppl.

171 786 241 842 203.
264 783 304 842 ib.
322 787 378 842 391
385 829 392 857 ,
410 788 484 842 402.
496 817 538 827 -
554 783 591 843 de
607 783 709 861 Suppl.
727 784 804 843 735:
826 774 997 858 πεισμάτων
1012 775 1143 861 σωτήρια
1159 802 1248 863 quoe·

170 884 294 947 sivimus
317 904 408 965 supra
429 905 497 964 pag.
514 892 554 944 49
578 906 661 966 seqq.
983 890 984 895 ’

257 987 289 1066 4)
311 981 549 1069 ζευκτήριος.
594 990 677 1048 Pers.
703 988 779 1048 727:
810 984 943 1067 γέφυραν
973 990 1040 1067 γαῖν
1070 986 1158 1047 δυαῖν
1187 990 1249 1062 ζευ-

170 1088 302 1170 κτηρίαν.
348 1092 447 1152 Sohol.
470 1094 530 1152 li:
559 1084 611 1150 τδν
638 1083 853 1168 Ἑλλήσποντον
882 1082 921 1159 δς
949 1084 1122 1170 ζεύγνυσιν
1150 1082 1250 1150 Ἀσίαν

171 1188 223 1251 καὶ
238 1186 403 1270 Εὐρώπην.
419 1228 462 1239 -
483 1196 539 1270 frg.
557 1200 635 1254 350:
659 1186 750 1272 πάτερ
769 1188 881 1264 Θέοινε,
906 1186 1077 1253 Μαινάδων
1092 1187 1249 1273 ζευκτήριε.

259 1296 290 1374 5)
314 1287 567 1376 ἀλεξητήριος
589 1297 638 1375 (τί.
654 1297 762 1356 Blomf.
788 1296 877 1372 gloss.
901 1297 937 1356 ad
960 1297 1042 1375 Sept.
1065 1318 1088 1356 s.
1104 1298 1145 1376 τ.)
1169 1299 1248 1376 Sept.

174 1404 207 1459 8:
239 1394 422 1478 οίμάμμασίν
450 1392 482 1459 θ’
513 1388 556 1459 οἷν
588 1393 664 1470 Ζεάς
694 1391 881 1478 ἀλεξητήριος
903 1394 915 1483 Ι)
939 1392 1112 1476 ἐπώνυμος
1127 1395 1249 1481 γένοιτο.

173 1500 333 1578 Καδμείων
356 1495 513 1564 udiendo
535 1503 635 1564 estivo
658 1523 686 1564 v.
710 1501 810 1579 paullo
833 1502 923 1562 infra.

260 1603 292 1683 6)
314 1597 581 1685 βουλευτήριος.
623 1607 705 1683 Sept.
722 1611 799 1665 558:
821 1607 923 1664 κακοῖν
944 1595 968 1663 τ’
987 1596 1137 1688 Ἀδράστῳ
1160 1604 1252 1665 τοῖνδε

172 1701 392 1787 βουλευτήριον.
437 1707 556 1770 δολὶνωε
577 1699 727 1790 Ἀδράστῳ
750 1708 839 1785 plane
862 1710 964 1768 eudem
991 1706 1109 1768 ratione
1132 1708 1250 1788 apposi-

171 1817 221 1869 tus
243 1815 288 1870 est
310 1816 399 1891 alque
422 1811 471 1870 Pr.
489 1817 565 1870 611:
589 1803 686 1889 πυράς
709 1812 830 1891 βροτοῖς
852 1803 952 1890 δοτῆρ’
975 1802 1048 1890 δρᾶς
1070 1808 1251 1890 Προμηθέα,

173 1932 271 1994 nsque
294 1912 438 1972 dissimile
460 1921 505 1972 est
528 1915 606 1994 quod
627 1916 690 1991 jam
712 1913 942 1975 memoravimus
964 1915 1045 1992 Sept.
1070 1920 1097 1973 8.
1142 1917 1179 1976 cf.
1202 1917 1251 1975 Pr.

173 2023 235 2076 466
260 2015 338 2094 (pag.
363 2015 417 2094 67)
439 2018 525 2076 Eum.
550 2022 598 2076 63.

261 2119 292 2197 7)
316 2112 510 2196 δατήριος.
566 2121 647 2197 Sept.
673 2126 749 2180 694:
782 2112 886 2194 ὄψεις,
920 2111 1066 2202 πατρρίων
1095 2112 1253 2196 χρημάτων

129 2276 133 2280 .
174 2214 318 2302 δατήριοι.
355 2222 526 2283 8οὴοί.Μ.ε
549 2223 690 2301 μερισταί.
734 2225 771 2283 cf.
794 2223 834 2283 ib.
854 2228 931 2282 920:
956 2213 1065 2301 πικράς
1087 2216 1119 2281 δὲ
1140 2217 1252 2301 χρημά-

173 2345 232 2385 των
251 2322 256 2406 Ι
276 2317 369 2395 κακδς
390 2317 518 2401 δατητάς
532 2318 634 2404 ’Ἀρης
678 2326 719 2385 ib.
736 2325 814 2386 712:
836 2319 969 2384 κτεάνων
990 2323 1226 2404 χρηματοδαίτας
1246 2323 1250 2408 l

174 2421 291 2507 πικρός,
315 2421 478 2507 εὐμόφρων
500 2426 631 2508 σίδαρος.
697 2419 700 2426 ’

262 2532 293 2610 8)
316 2525 578 2609 λυμαντήριος.
624 2533 677 2592 ch.
703 2532 780 2591 745:
802 2529 903 2607 στείχω
926 2522 952 2588 δ’
975 2522 1020 2590 ἐπ’
1042 2522 1139 2610 άνδρα
1160 2532 1252 2593 τῶνδε

174 2626 376 2713 λυμαντήριον
395 2630 518 2715 Ιοίκων.
562 2638 625 2708 Ag.
653 2639 768 2694 1392:
799 2636 890 2692 κεῖται
919 2626 1059 2712 γυναικὸς
1089 2633 1177 2710 τῆσδε
1203 2639 1253 2694 λυ·

169 2727 351 2815 ’μαντήριος,
381 2757 440 2818 quo
463 2738 499 2796 de
521 2737 587 2797 loco
609 2735 705 2796 fusius
729 2736 788 2796 erit
809 2737 965 2811 agendum.
1010 2738 1253 2799 Hermennus

176 2841 254 2901 enim
278 2859 456 2920 quamquam
479 2840 596 2900 censuit
612 2839 796 2916 Aeschylum
816 2831 967 2918 λυμαντήρ
990 2833 1053 2898 ὅδε
1074 2842 1124 2903 τοί
1144 2844 1254 2918 λυμαν-

174 2936 229 3024 τήρ
252 2936 386 3022 νεκρός
407 2943 500 3002 fuisse
523 2941 681 3015 dicturum,
705 2941 853 3003 excidisse
875 2948 975 3003 tumen
998 2947 1068 3004 ante
1089 2946 1171 3005 huno
1186 2966 1253 3007 ver·

176 3068 241 3107 sum
263 3053 315 3106 out
336 3052 406 3125 posi
428 3066 494 3105 sum
517 3046 608 3105 alium
623 3065 753 3119 versum,
775 3045 807 3104 in
832 3066 890 3126 quo
909 3067 1018 3107 nomen
1041 3047 1162 3127 aliquod
1184 3050 1252 3108 sub-

176 3150 340 3212 stantivum
363 3149 478 3222 fuisset,
500 3148 606 3208 moluit
628 3153 772 3219 siumore3
797 3168 890 3228 quere
911 3149 1000 3210 istam
1022 3152 1158 3211 lacunam
1177 3152 1252 3227 loco,

176 3275 265 3337 quom
290 3256 353 3331 jum
382 3251 549 3330 posuimus,
581 3251 689 3311 collato
712 3253 764 3312 ch.
789 3253 866 3326 745,
897 3254 1032 3332 explerit
1059 3254 1253 3335 ἧλοι-κεῖται,

175 3350 318 3438 γυναικδς
338 3354 428 3432 τῆσδε
448 3349 645 3434 λυμαντήριος
667 3348 754 3433 σἰνήρ,
789 3349 942 3434 θυγατρός
964 3357 1018 3433 τῆς
1047 3354 1121 3434 ίμής
1143 3352 1255 3433 φονεύς

176 3453 236 3519 ὅδε.
269 3461 335 3534 Ego
358 3459 478 3540 quidem
500 3460 596 3520 habeo
619 3459 878 3537 persuasissimum
893 3479 991 3540 neque
1006 3461 1153 3522 excidisse
1170 3463 1254 3544 quid-

177 3583 266 3643 quam
288 3582 385 3643 neque
408 3555 459 3622 ὅδε
481 3563 545 3624 sive
564 3555 640 3642 άνήρ
664 3563 818 3642 scripsisse
833 3570 962 3642 poetam.
995 3565 1096 3625 Nolim
1111 3566 1160 3628 vir
1175 3587 1253 3626 sum·

176 3686 242 3726 mus
272 3666 456 3742 confugisset
483 3668 521 3726 od
550 3666 687 3727 lacunam
714 3667 798 3726 illam
819 3668 1061 3744 intelligendam,
1092 3690 1183 3749 quum
1205 3691 1253 3730 res

177 3775 256 3830 esset
278 3770 474 3848 apertissima.
511 3772 692 3848 SubJ‘eclum,
714 3776 749 3830 ut
771 3770 866 3831 dicam
889 3775 968 3854 quod
991 3773 1097 3847 sentio,
1119 3773 1200 3833 inest
1220 3772 1253 3833 in

177 3875 270 3934 verbo
293 3875 385 3932 κεῖται
408 3872 513 3953 (Recte
542 3873 636 3949 igitur
656 3875 794 3948 Engcrus
824 3876 881 3949 „do
908 3875 983 3950 liegi
1012 3896 1065 3949 er,
1096 3877 1149 3936 dor
1170 3875 1253 3956 -“).

178 3977 306 4036 Gonioro
336 3997 407 4051 ego,
437 3983 472 4037 ut
501 3978 680 4038 seutentiam
701 3997 797 4037 meam
820 3978 977 4038 delendum
999 3981 1050 4040 Pr.
1075 3984 1172 4055 1050;
1201 3981 1254 4041 ubi

179 4079 330 4139 simillimo
362 4081 449 4139 modo
483 4083 649 4158 subjectum
683 4082 724 4159 (v.
753 4081 867 4142 Weckl.
902 4083 969 4142 adn.
997 4103 1024 4144 u.
1045 4084 1077 4142 h.
1099 4083 1133 4161 1.)
1166 4089 1254 4163 „cr“

178 4183 368 4259 cogitandum
391 4189 437 4243 est
458 4185 494 4243 ed
517 4182 615 4264 ῥίψειε
630 4189 661 4245 ct
680 4176 847 4244 θανατώσει
869 4206 908 4245 ex
924 4207 1005 4247 nexu
1028 4188 1257 4248 sententiarum.

1040 4293 1063 4343 'o
