2850 4590
590 293 826 360 ..120-

683 517 722 578 D.

323 634 443 688 Verba
459 636 767 688 communicandi
787 639 822 688 et
837 635 1092 701 participandi.

254 757 436 831 Genetivus,
458 757 512 838 qui
533 757 678 819 definitur
698 758 748 817 his
769 757 889 832 verbis,
912 757 1075 837 partitivus
1098 763 1152 818 est.

253 856 408 938 μετέχω.
445 861 496 922 Pr.
513 865 589 921 335:
613 852 733 921 πάντων
749 853 908 938 μετασχών.
942 863 1026 921 Pers.
1041 865 1117 921 538:
1140 853 1253 942 ἄλγους

169 958 349 1041 μετέχουσαι.
392 965 479 1024 Eum.
497 968 576 1027 853:
598 956 697 1041 χώρας
716 967 874 1041 μετασχεῖν.
919 964 1176 1026 Accusativus
1197 961 1252 1041 μέ-

169 1087 221 1145 ρος
243 1067 293 1144 (cf.
323 1087 391 1145 pag.
408 1068 440 1145 4)
468 1067 600 1126 infertur
628 1071 686 1143 Ag.
702 1073 780 1127 485:
811 1061 947 1143 μεθέξειν
975 1060 1119 1141 φιλτάτου
1146 1060 1252 1142 τάφου

169 1163 265 1248 μέρος.
311 1169 459 1230 (lh.284:
491 1171 638 1247 κρατῆρος
668 1162 756 1248 μέρος
775 1167 780 1252 Ι
801 1161 875 1229 εἶναι
898 1173 1065 1247 μετασχεῖν,
1095 1161 1132 1228 οὐ
1164 1173 1252 1245 φιλο·

170 1264 302 1332 σπένδον
317 1265 408 1348 λιβός.
452 1273 647 1333 Robortellus
663 1294 807 1353 perverse
830 1294 869 1334 ax
884 1273 985 1335 codice
1008 1294 1061 1334 suo
1078 1274 1162 1334 dedit
1176 1295 1251 1354 κρα-

168 1376 260 1455 τῆρος
282 1370 410 1454 μέρους).

256 1480 324 1539 Uno
346 1480 413 1539 loco
435 1479 587 1559 reperitur

257 1578 422 1658 μέτεστι,
446 1585 526 1664 quod
540 1582 785 1661 impersonaliter
807 1604 925 1662 semper
945 1588 1117 1661 usurpatur.
1161 1582 1251 1643 Eum.

172 1692 249 1748 565:
279 1684 306 1745 ιλ
328 1684 416 1746 τοῦδε
445 1682 491 1745 ool
515 1682 628 1762 μέτεστι
650 1680 824 1765 πράγματος
844 1683 916 1766 λέγε.
962 1689 1000 1747 de
1021 1685 1124 1748 dativo
1147 1706 1252 1764 perso·

170 1811 227 1851 nae
249 1789 305 1852 vix
325 1791 422 1851 habeo
446 1791 527 1870 quod
549 1810 786 1851 commemorem.

258 1886 826 1970 μεταδίδωμιολμεταλαμβοῖνοι
841 1913 1005 1973 numquam
1021 1894 1253 1973 apudAeschy·

172 1999 235 2056 lum
255 1995 327 2072 legi.

258 2093 466 2158 κοινωνέοι.
511 2098 658 2161 Dativum
680 2118 826 2177 personae
855 2120 922 2160 cum
943 2099 1085 2175 genetivo
1112 2099 1158 2159 rei
1181 2121 1254 2161 oon-

173 2202 319 2263 sociatum
342 2221 443 2262 secum
471 2204 564 2263 habet
586 2203 667 2281 Sept.
694 2201 792 2262 1017:
827 2194 951 2260 θέλουσ’
980 2193 1083 2260 ὂὶκοντι
1112 2195 1254 2262 κοινοῖνει
1344 2275 1345 2278 ¹

172 2305 282 2365 κακῶν.
337 2305 433 2365 Deest
467 2305 540 2365 huic
573 2307 666 2366 verbo
701 2303 822 2366 dativus
855 2325 1001 2384 personae
1034 2305 1139 2383 Suppl.
1170 2308 1254 2366 311:

172 2406 261 2485 τῆσδε
283 2410 438 2468 κοινωνεῖν
459 2401 581 2484 χθονός.
626 2409 679 2468 (lh.
699 2411 776 2468 138:
807 2403 877 2466 νέου
900 2401 932 2466 δὲ
954 2399 1058 2483 μύθου
1079 2406 1168 2466 τοῦδε
1189 2429 1254 2466 κοι-

172 2503 332 2588 νωνήσατε.

259 2606 405 2673 κοινόω
427 2614 514 2695 (quid
534 2614 657 2675 intersit
673 2613 857 2674 discriminis
879 2613 960 2675 inter
981 2613 1114 2675 activum
1136 2618 1168 2674 et
1189 2637 1254 2676 me·

173 2717 265 2792 dium,
288 2717 416 2797 exponit
437 2719 542 2778 Elmsl.
566 2719 604 2776 ad
625 2718 706 2777 Med.
731 2716 815 2795 793.)

258 2819 443 2882 Activum
466 2841 549 2895 „rem
571 2819 704 2900 aliquam
728 2840 795 2880 cum
817 2818 885 2882 eliis
901 2819 1139 2880 communicarc“
1161 2820 1254 2880 (leno-

173 2931 241 2985 tans
266 2923 450 2985 construitur
482 2925 512 3003 a)
536 2944 602 2984 cum
630 2923 732 2985 dativo
757 2944 902 3002 personae
932 2928 963 2983 et
986 2923 1155 2984 accusativo
1178 2944 1254 2984 neu-

174 3028 251 3089 trius
273 3025 460 3106 pronominis
483 3027 536 3086 ch.
561 3031 639 3087 698:
671 3026 764 3083 ταῦτα
786 3029 848 3095 τοῖς
871 3027 1010 3103 κρατοῦσι
1039 3059 1081 3069 -
1109 3018 1254 3085 κοινώσο·

175 3151 236 3206 μεν.
262 3165 301 3175 -
324 3129 512 3191 accusativus
542 3128 632 3189 facile
654 3128 839 3204 intelligitur
860 3129 914 3188 oh.
940 3133 1015 3188 654:
1046 3120 1164 3206 ἀνδροῖν
1184 3121 1251 3187 τόδ’

176 3230 254 3293 ἐστιν
270 3229 367 3313 έργον,
391 3223 437 3302 οἷς
451 3224 641 3309 κοινώσομεν.
686 3230 716 3309 β)
740 3253 806 3292 cum
827 3231 930 3293 dativo
945 3252 1091 3310 personae
1113 3237 1145 3292 et
1165 3253 1254 3311 prae·

176 3335 325 3417 positione
355 3333 421 3414 ιιερί
443 3335 584 3411 genetivo
614 3337 732 3396 adnexa
754 3336 858 3413 Suppl.
877 3339 955 3394 354:
985 3329 1087 3405 ἀστοῖς
1116 3329 1148 3394 δὲ
1177 3335 1255 3396 πᾶσι

174 3438 268 3499 ταῖνδε
290 3430 437 3508 κοινώσας
459 3433 536 3516 πέρι.
582 3438 631 3499 Sic
661 3438 742 3498 enim
772 3437 882 3498 codicis
911 3437 1072 3498 lectionem
1095 3432 1192 3497 σἰστοῖν
1220 3434 1254 3499 δὲ

176 3544 250 3601 πᾶσι
272 3539 369 3600 τοῖσδε
392 3541 565 3603 emendarit
586 3541 721 3617 Scaliger
743 3542 821 3601 conf.
844 3561 911 3620 pag.
930 3545 979 3600 45.

261 3644 432 3705 Medium
462 3637 618 3720 κοινόομαι
648 3645 748 3718 „inter
778 3665 809 3704 se
833 3644 1071 3705 communicare“
1093 3643 1254 3719 designans

177 3747 382 3810 accusativum
411 3747 457 3807 rei
487 3747 618 3807 adsumit
650 3750 707 3824 Ag.
734 3752 831 3808 1302:
863 3741 935 3807 ἀλλά
968 3741 1178 3824 κοινωσαῖμεθ’
1216 3739 1254 3805 o'e'v

176 3852 242 3922 πῶς
264 3845 383 3926 ἀσφαλῆ
406 3843 601 3926 βουλεύματα.

262 3956 433 4034 Aeschyleo
455 3957 605 4014 structura
628 3957 674 4014 est
696 3954 783 4016 verbi

263 4053 449 4137 μετοικέα
472 4057 563 4137 (conf.
587 4079 654 4136 pag.
672 4057 735 4136 84).
780 4058 884 4136 Suppl.
903 4061 979 4117 589:
1007 4047 1086 4134 ἡμᾶς
1108 4059 1255 4132 μετοικεῖν

177 4161 265 4240 τῆσδε
287 4163 349 4242 γῆς.
