2850 4590
640 369 852 433 ,24*

206 514 298 581 πολλά
322 514 348 580 e'
370 519 461 599 t'vvpa
485 519 675 602 παιδότρωτα
694 521 699 608 l
719 518 822 585 πάθεα
844 522 1055 606 προσμένει
1084 531 1196 587 τοκεῦ
1216 526 1220 609 Ι
1240 546 1287 588 σιν

206 626 350 701 μεταῦθις
366 622 398 684 ἒν
413 621 519 709 χρόνῳ.
544 661 586 672 -
608 629 666 687 His
688 629 762 689 locis
785 630 939 689 subductis
960 633 1022 707 jam
1045 633 1103 690 duo
1126 639 1287 710 supersunt

209 729 239 805 1)
261 731 318 802 frg.
342 734 421 789 246:
455 726 650 808 φαγέδαιναν,
683 723 704 806 ἦ
735 751 794 807 μου
824 725 938 811 σάρκας
970 729 1064 792 ἐσθίει
1095 727 1190 804 ποδός
1221 736 1286 814 (sed

204 831 377 891 facillimam
400 852 454 906 ego
477 853 647 911 proponere
669 834 765 893 ausim
787 836 984 896 mutationem
999 870 1041 880 -
1056 829 1076 912 ἢ
1090 829 1159 912 ’μοῦ
1174 831 1287 915 σάρκας

165 961 173 973 ·
205 929 300 992 ἐσθίει
314 927 431 1013 ποδός).
467 942 497 994 et
521 937 552 1014 2)
570 938 656 996 Eum.
675 938 732 996 797
751 937 855 1017 (769);
877 931 1022 1008 παίαιοάς
1046 932 1158 1016 νόμους
1172 944 1284 999 καθιπ-

205 1029 418 1101 πάσασθε,ιιοἰι
433 1039 526 1117 χερῶν
542 1035 657 1098 είλεσθὲ
676 1059 744 1115 μον,
770 1061 828 1121 quo
851 1042 972 1122 quidem
993 1042 1059 1102 loco
1083 1033 1190 1101 εἵλεσθ’
1205 1040 1285 1119 ἐμοίν

205 1141 327 1200 omnino
350 1142 541 1201 scribendum
564 1163 629 1202 esse
651 1143 726 1203 mihi
747 1143 844 1206 videri
867 1164 928 1203 non
951 1146 1093 1205 reticebo.

291 1241 325 1322 β)
347 1244 487 1303 Dnalis
517 1246 675 1319 genetivus
706 1247 758 1306 ch.
783 1247 860 1307 271:
889 1241 942 1316 τάς
965 1242 997 1306 δὲ
1019 1248 1079 1330 νῷν
1101 1247 1139 1327 (ἓ)
1167 1241 1283 1320 νόσους.

205 1349 302 1406 Locus
333 1352 380 1406 est
402 1354 568 1426 corruptus.
613 1351 654 1409 M.
678 1343 872 1423 νεωνόσσονς,
904 1370 979 1415 corr.
1009 1351 1043 1410 in
1065 1351 1134 1425 νῶν,
1165 1345 1282 1423 νόσους.

205 1452 266 1530 νῷν
296 1452 454 1530 quominus
484 1453 634 1512 scribatur
663 1453 859 1513 collocatione
889 1436 1022 1534 quoque¹
1037 1453 1200 1531 impeditur
1231 1457 1283 1533 (cf.

204 1555 315 1629 Krueg.
339 1555 388 1615 Di.
412 1555 461 1630 47,
485 1563 513 1630 9,
539 1557 578 1636 5).
623 1557 742 1616 Herm:
765 1549 817 1626 τάς
840 1548 866 1614 δ’
889 1554 983 1615 αἰνῶν
1006 1550 1121 1627 νόσους.

290 1658 318 1737 γ)
342 1658 501 1718 Pluralis
517 1661 676 1733 genetivus
688 1652 774 1736 ἡμῶν
786 1651 939 1738 (ἡμέτερος
951 1660 1043 1720 octies
1060 1660 1214 1737 cernitur),
1231 1661 1283 1740 qui
1325 1719 1329 1724 .

203 1760 324 1820 omnino
355 1763 452 1821 decies
483 1762 604 1824 obviam
631 1765 680 1837 fit,
713 1783 751 1822 ne
774 1783 834 1822 uno
857 1763 979 1843 quidem
1006 1764 1073 1824 loco
1096 1764 1282 1842 possessivus

202 1864 307 1923 haberi
331 1870 439 1941 potest.
474 1867 610 1947 Namque
626 1872 678 1926 aut
700 1866 938 1944 praepositiones
954 1868 1011 1926 sibi
1034 1867 1173 1943 adjungit
1187 1869 1280 1944 (Sept.

204 1973 275 2026 686.
299 1968 381 2026 Pers.
406 1972 476 2027 404.
501 1973 556 2043 Ag.
580 1975 651 2043 999,
680 1974 768 2030 1511.
797 1971 883 2029 Eum.
909 1974 979 2029 310.
1006 1970 1108 2048 Suppl.
1134 1971 1208 2048 595)
1231 1977 1283 2030 aut

202 2091 240 2130 cx
262 2072 354 2130 verbo
377 2076 423 2130 est
445 2091 608 2148 suspensus
630 2072 744 2150 (Suppl.
763 2072 837 2151 722)
860 2081 913 2131 aut
934 2072 1095 2149 partitivus
1118 2079 1164 2132 est
1185 2073 1281 2151 (Pers.

204 2176 278 2253 500)
302 2179 355 2232 aut
377 2174 544 2250 objectivus
560 2178 615 2248 Ag.
634 2180 715 2233 1234
739 2169 814 2252 (ἥξει
836 2168 893 2253 γάρ
916 2166 1002 2250 ἡμῶν
1025 2168 1110 2245 istor
1125 2163 1164 2233 αὗ
1180 2168 1281 2252 τιμάο-

202 2277 266 2355 ρος)
289 2283 341 2337 aut
362 2277 493 2356 denique
516 2278 736 2355 comparativus
757 2278 814 2351 frg.
839 2279 910 2351 257,
935 2283 962 2336 4.

288 2380 320 2456 b)
342 2381 588 2439 Transeamus
619 2381 654 2440 ad
682 2399 840 2458 personam
870 2381 1074 2440 secundam
1097 2374 1162 2460 (σός
1185 2381 1280 2455 fiilios,

204 2476 269 2552 τεός
290 2490 337 2543 ter
357 2477 534 2560 invenitur).

289 2587 320 2665 α)
344 2588 523 2649 Genetivum
538 2586 719 2661 singularem
734 2607 793 2645 uno
810 2591 840 2645 et
856 2588 1054 2666 quadraginta
1068 2587 1143 2647 locis
1159 2588 1280 2647 omnino

202 2690 345 2764 legimus:
375 2692 430 2749 σοῦ
459 2691 565 2764 εἰσίοι,
601 2686 689 2748 σέθεν
711 2688 804 2770 (quod
834 2691 968 2769 exceptis
997 2692 1112 2751 duobus
1142 2691 1216 2750 locis
1238 2727 1280 2736 -

204 2793 309 2871 Suppl.
332 2800 407 2867 890,
437 2794 489 2852 ubi
517 2792 687 2871 proximum
716 2799 761 2851 ast
783 2793 876 2852 verbo
899 2799 1032 2853 extremo
1062 2800 1092 2853 et
1112 2795 1193 2872 Sept.
1222 2799 1279 2853 128

203 2898 236 2957 in
259 2897 405 2957 dochmiis
428 2931 469 2940 -
492 2917 609 2974 semper
632 2895 744 2955 claudit
765 2896 898 2973 versum)
921 2897 1013 2957 semel
1036 2902 1066 2956 et
1087 2874 1188 2957 vicies.

289 3000 346 3060 Sed
370 3020 460 3081 quum
482 2999 656 3075 genetivum
677 2999 864 3076 pronominis
885 2999 990 3077 prim.
1010 3021 1086 3077 pers.
1103 2999 1179 3076 sing.
1196 3021 1280 3059 num-

206 3123 294 3185 quam
315 3107 379 3164 fere
400 3105 602 3181 possessivum
625 3123 690 3163 essa
713 3104 875 3162 habeamus
897 3102 1101 3178 intellectum,
1131 3104 1168 3163 de
1190 3124 1280 3178 gene-

204 3209 275 3270 tivis
297 3209 351 3267 σοῦ
374 3213 404 3268 et
426 3202 514 3266 σέθεν
536 3228 600 3268 rem
621 3227 744 3285 prorsus
771 3207 861 3266 aliter
883 3227 914 3266 se
936 3209 1047 3267 habere
1069 3207 1199 3286 patebit:
1229 3209 1280 3267 Pr.

206 3314 263 3372 78:
285 3305 374 3388 ὅμοια
395 3312 499 3394 μορφῇ
521 3304 642 3389 γλῶσσά
660 3327 715 3370 σον
737 3303 885 3390 γηρύεται.
923 3315 979 3385 Ag.
1000 3315 1097 3371 1052:
1118 3307 1203 3380 κλέος
1226 3311 1281 3370 σοῦ

204 3407 345 3491 μαντικόν
367 3408 551 3490 πεπυσμένοι
573 3400 656 3490 ἦμεν.
701 3416 755 3476 (th.
780 3416 857 3474 137:
887 3417 950 3482 τοῖς
971 3405 997 3472 δ’
1019 3411 1163 3483 ἐναντίοις
1182 3412 1187 3496 Ι
1205 3409 1279 3493 λέγω

205 3516 338 3595 φανῆναί
359 3533 414 3577 σον
436 3508 659 3595 -τιμάορον,
690 3517 743 3576 ubi
773 3533 827 3575 σον
857 3517 894 3576 ad
925 3514 1069 3586 ἐναντίοις
1090 3518 1279 3578 referendum

205 3643 269 3682 esse
300 3622 387 3681 docet
412 3620 511 3682 Schol.
533 3621 574 3679 M.
619 3624 674 3694 Ag.
702 3624 799 3680 1353:
828 3614 1024 3696 θαυμάζομέν
1054 3637 1108 3679 σου
1138 3623 1278 3701 γλῶσσαν.

204 3728 284 3804 Sept.
302 3731 378 3784 615:
400 3717 452 3782 τάν
468 3717 562 3782 αὐτοῦ
578 3724 633 3781 σοῦ
648 3722 825 3801 κασίγνητον
847 3729 944 3798 genet.
967 3730 1013 3784 est
1034 3745 1118 3802 pron.
1141 3724 1280 3786 reflexivi

205 3837 236 3889 et
264 3832 348 3889 Eum.
374 3833 449 3887 895:
483 3828 604 3886 τοιαῦτα
637 3819 740 3885 σοι’ίστι
773 3807 930 3901 genetivus
962 3829 1164 3906 praedicative
1197 3829 1280 3906 (vide

203 3935 295 4012 infra)
325 3936 371 3992 est
398 3931 523 4010 positus.
554 3967 595 3977 —
629 3932 743 3997 auster
771 3931 865 4006 igitur
894 3933 949 3990 σοῦ
979 3931 1009 3994 vi
1040 3934 1209 4010 possessiva
1237 3967 1280 3978 -

205 4037 300 4110 magis
320 4035 442 4112 proprie
464 4035 562 4095 dicere
584 4056 647 4094 non
668 4055 789 4113 possum
804 4035 1029 4113 —praeditum
1052 4057 1116 4096 esse
1135 4037 1279 4097 videmus.

205 4173 247 4184 —
262 4140 385 4217 Saepius
402 4138 491 4198 etiam
513 4138 556 4198 ita
570 4144 733 4216 usurpatur
746 4139 842 4198 altera
863 4141 959 4200 forma
974 4135 1070 4198 σέθεν.
1103 4141 1184 4219 Sept.
1205 4144 1280 4202 128:

201 4238 295 4300 τίθεν
321 4239 353 4313 ἐξ
382 4239 508 4320 αἵματος
535 4233 706 4323 γεγόναμεν.
750 4244 833 4305 Pars.
857 4247 936 4306 218:
968 4241 1017 4304 σοί
1041 4264 1072 4304 τε
1092 4239 1143 4304 nol
1164 4239 1280 4315 τέκνοις
