2850 4590
613 215 825 280 *17-

264 368 325 429 Vix
347 374 393 430 est
421 371 498 451 quod
521 390 657 432 moneam
687 373 854 451 proximam
886 372 958 432 huic
988 372 1260 435 circumlocutionis

177 472 287 532 rationi
310 492 374 532 cam
389 473 519 548 maxime
535 495 608 549 esse,
632 483 666 536 ut
681 477 810 550 nomine,
835 476 914 556 quod
930 475 1069 550 genetivo
1086 478 1261 555 adjunctum

178 570 240 649 est,
272 577 414 653 adjectivi
438 577 563 654 alicujus
587 580 670 639 notio
693 580 883 657 praedicetur
906 584 937 638 et
958 580 1098 656 tollatur,
1127 582 1158 640 id
1182 582 1261 662 quod

179 679 349 740 collustrari
379 685 479 756 potest
508 683 611 759 paucis
641 682 716 741 locis
745 682 794 741 his
817 685 866 743 Pr.
891 683 924 743 7:
953 680 1117 760 παντέχνου
1140 678 1261 765 πυρός

178 778 286 852 σέλας
310 781 314 862 l
338 786 476 860 θνητοῖσι
505 779 619 859 κλέψας
649 777 776 842 όίπασεν.
821 787 858 845 cf.
889 786 925 846 Il.
948 788 1036 860 XIX,
1062 788 1139 847 375:
1171 779 1212 857 τίς
1235 768 1260 846 δ’

177 877 221 942 ὅτ’
249 879 286 962 ἀν
315 883 347 944 ἐκ
369 879 491 945 πόντοιο
521 882 605 956 σέλας
635 879 760 970 ναύτήσι
790 881 893 973 φανήῃ
919 887 925 970 Ι
950 885 1120 965 καιομένοιο
1151 883 1258 967 πυρός.

177 987 264 1047 Pind.
288 989 376 1067 Pyth.
393 990 453 1066 ΙΙΙ,
476 995 533 1048 39;
556 985 639 1059 σέλας
662 981 688 1048 δ’
711 983 907 1069 ἀμφέδραμεν
925 989 930 1074 ί
949 985 1062 1072 λάβρον
1083 983 1258 1066 Ἁφαίστου.

263 1092 303 1151 Et
325 1113 395 1152 sane
426 1113 515 1151 sensu
537 1113 598 1152 non
629 1093 765 1152 dissimili
789 1092 916 1155 dicitur:
947 1097 1029 1156 Pers.
1056 1101 1135 1154 540:
1165 1092 1198 1153 αἱ
1217 1130 1260 1139 -

181 1192 324 1272 Περσίδες
353 1189 500 1272 ἀνδρων
528 1192 695 1256 ποθέουσαι
727 1194 800 1255 ίδεῖν
831 1188 1055 1278 ἀρτιζυγίαν
1084 1199 1104 1258 i.
1130 1220 1154 1258 e.
1186 1190 1257 1268 τούς

176 1297 324 1375 νεοζνγεῖς
346 1289 465 1376 ἀνδρας.
511 1303 565 1373 Ag.
586 1303 664 1359 911:
688 1292 774 1375 μήτις
796 1293 958 1379 πρόσωθεν
982 1293 1150 1378 όμματος
1172 1294 1259 1377 βάλοι

177 1392 478 1476 φθόνοςεόμμα
500 1423 528 1460 τι
550 1395 713 1481 φθονερόν.
756 1405 811 1478 frg.
838 1410 912 1464 192:
936 1398 1109 1480 κάματον
1131 1402 1258 1464 ἵππων

177 1536 219 1546 -
241 1496 397 1562 ἀναπαύει.
442 1507 525 1564 Pers.
550 1504 625 1566 743:
656 1499 748 1575 πολύς
770 1504 903 1566 πλούτου
925 1499 1021 1576 πόνος
1045 1510 1050 1583 Ι
1076 1498 1171 1583 οὐμός
1193 1507 1256 1581 „di-

176 1605 270 1668 vitiae
298 1605 400 1667 labore
430 1613 552 1685 partae“
582 1610 651 1669 vide
680 1610 769 1668 infra.
815 1611 852 1669 cf.
883 1612 939 1684 Ag.
964 1613 1020 1668 54:
1050 1602 1226 1686 δεμνιοτήρη
1252 1608 1255 1688 l

176 1702 274 1769 πόνον
295 1704 457 1787 ὀρταλίχων
478 1734 506 1773 ν.
530 1713 550 1774 i.
572 1745 614 1757 -·
644 1713 712 1771 Non
735 1712 833 1770 minus
863 1713 922 1772 huc
944 1713 1091 1790 quadrare
1113 1713 1256 1772 arbitror:

177 1815 259 1872 Pars.
284 1814 361 1871 375:
385 1808 449 1871 ἐπεὶ
471 1810 503 1872 δὲ
525 1808 669 1897 φέγγος
690 1805 799 1889 ήλίου
820 1810 985 1888 κατέφθιτο
1008 1811 1060 1872 καλ
1082 1807 1135 1884 νύξ
1159 1807 1255 1896 ἒπήει.

176 1917 261 1973 Eum.
290 1917 386 1974 1007:
412 1912 461 1974 καλ
486 1910 518 1975 τό
542 1911 652 1994 φέγγος
674 1907 821 1993 όρμάσθω
844 1911 949 1995 πυρός.
995 1910 1136 1985 κύκλος
1164 1917 1196 1993 α)
1219 1918 1256 1975 de

176 2019 239 2077 solo
261 2020 344 2076 Pers.
370 2023 446 2077 502:
477 2013 593 2097 φλέγων
621 2009 677 2096 γάρ
709 2012 815 2097 αὐγαῖς
840 2013 976 2097 λαμπρός
1004 2011 1091 2096 ήλίου
1114 2013 1223 2088 κύκλος
1248 2018 1251 2098 l

176 2117 266 2196 μέσον
287 2114 382 2198 πόρον
404 2118 496 2196 διῆκε.
542 2123 590 2181 Pr.
616 2126 672 2180 91:
701 2113 861 2198 παμμῆτόρ
892 2141 922 2179 τε
950 2118 1059 2201 γῆκαὶ
1091 2115 1142 2180 τόν
1165 2115 1256 2180 πανό-

174 2243 250 2298 πτην
279 2215 389 2281 κύκλον
419 2214 506 2299 ήλίου
535 2225 623 2282 καλῶ.
668 2224 721 2283 ubi
751 2224 910 2302 adscripsit
939 2225 1038 2284 Schol.
1061 2228 1119 2285 ld:
1150 2217 1255 2302 ήλλαξε

174 2317 229 2401 τήν
251 2318 363 2406 φράσιν
392 2323 423 2404 β)
446 2327 482 2384 de
506 2331 589 2385 scuto
611 2325 692 2405 Sept.
717 2326 796 2386 472:
826 2320 955 2398 ἀσπίδος
978 2321 1086 2387 κύκλον
1108 2323 1190 2406 λέγω.
1214 2361 1256 2371 —

174 2432 275 2508 Atque
297 2435 331 2489 ut
353 2430 473 2488 redeam
496 2429 533 2487 ad
555 2449 707 2506 personas,
730 2431 820 2490 hasce
844 2452 1015 2492 enumerem
1037 2431 1221 2492 locutiones:

259 2529 388 2610 χλιδαί.
434 2532 535 2610 Suppl.
561 2532 638 2592 97οι
660 2528 711 2591 καὶ
734 2530 896 2612 παρθένων
917 2533 1062 2612 χλιδαῖσιν
1085 2527 1252 2612 εὐμόρφοις

175 2632 225 2694 έπι
240 2632 252 2717 ΙΙ
269 2637 327 2705 πᾶς
349 2655 393 2704 τις
415 2628 574 2713 παρελθιόν
598 2627 730 2711 όμματος
752 2631 928 2716 θελκτήριον
944 2635 956 2721 Η
972 2628 1087 2713 τόξευμ’
1110 2633 1253 2712 ἔπεμψεν,

174 2740 224 2797 ubi
256 2739 477 2800 animadvertas
508 2737 598 2798 velim
629 2740 686 2815 adj.
716 2733 882 2819 εὐμόρφοις
913 2763 973 2801 non
1004 2741 1161 2817 genetivo,
1195 2760 1253 2820 quc

173 2842 299 2915 delebat,
323 2842 374 2900 sed
398 2841 498 2900 dativo
522 2861 585 2899 esse
608 2841 750 2902 additum.
787 2844 882 2903 Simili
906 2845 1052 2904 orationis
1075 2844 1177 2921 specie
1201 2844 1251 2902 nd-

173 2945 273 3003 hibuit
295 2950 399 3021 poeta:
422 2941 571 3022 παρθενία
594 2945 644 3002 Pr.
669 2949 747 3004 896:

258 3045 359 3125 ταρβω
380 3039 437 3124 γάρ
455 3037 657 3125 ἀστεργάνορα
679 3047 895 3126 παρθενίαν
918 3040 1052 3128 είσοροῖό
1066 3039 1144 3118 Ἰοῦς
1166 3041 1251 3128 γάμω

173 3146 424 3225 δαπτομέναν.

259 3249 379 3329 σέβας.
414 3251 480 3315 Qua
501 3271 574 3313 voce
596 3272 742 3328 personae
764 3274 818 3330 per
840 3255 984 3314 ambitum
1006 3256 1187 3314 denotantur
1202 3256 1250 3313 Pr.

177 3361 273 3415 1092:
304 3342 329 3414 oi
351 3349 462 3433 μητρός
493 3352 565 3430 έμῆς
594 3351 690 3429 σέβας.
735 3357 819 3416 Eum.
846 3359 922 3416 867:
952 3350 1013 3416 ἀλλ’
1036 3354 1063 3415 εἰ
1083 3353 1136 3433 μὲν
1158 3349 1250 3436 άγνόν

172 3456 232 3517 έστί
253 3474 301 3518 σοι
326 3459 463 3527 Πειθοῦς
484 3453 580 3532 σέβας.
614 3459 795 3517 conferenda
817 3465 888 3520 sunt
910 3459 1000 3537 Soph.
1024 3460 1057 3518 Ο.
1073 3462 1108 3518 R.
1127 3464 1202 3519 830:
1226 3447 1250 3517 oi

171 3565 253 3621 θεῶν
276 3553 368 3641 άγνόν
390 3556 485 3637 σέβας.
522 3560 715 3622 Phil.1289:
737 3553 874 3637 oincipoo'
890 3553 981 3642 άγνόν
999 3555 1097 3638 Ζηνός
1120 3553 1249 3637 ύψίσιου

171 3663 259 3743 σέβας
273 3691 316 3717 =
334 3667 415 3742 Ζῆνα
434 3657 603 3741 σεβάσμιον.
636 3665 738 3742 Suppl.
757 3665 831 3725 721:
854 3663 985 3743 τριαίνας
1001 3657 1087 3724 τάσδε
1102 3661 1152 3723 καί
1168 3667 1249 3724 θεων

171 3766 243 3846 σέβη
259 3769 404 3838 δείσαντες
427 3789 518 3848 quum
539 3769 655 3827 numeri
677 3768 802 3845 pluralis
818 3764 889 3844 σέβη
912 3768 994 3826 aliud
1010 3769 1179 3846 exemplum
1201 3789 1248 3828 re·

170 3874 262 3947 periri
285 3894 345 3933 non
372 3872 467 3950 possit
490 3891 586 3950 neque
609 3871 769 3932 conveniat
791 3872 957 3930 sententiae
980 3878 1010 3930 et
1031 3867 1083 3948 έδη
1105 3871 1247 3950 (Coning-

169 4008 217 4054 dici
237 4005 343 4073 μήτιδας
354 4005 455 4073 οἰκτράν
472 4006 667 4072 (‚,miserandam
685 4007 717 4055 ob
735 4006 920 4072 prudentiam“)
932 4008 1098 4056 Hermanuus.
1132 4007 1246 4055 Ceterum

169 4109 215 4154 pro
234 4091 340 4159 μήτιδας
356 4092 542 4154 Burgcsius
560 4093 667 4154 conjecit
683 4085 810 4151 Ἀτθίδος.

1023 4185 1040 4236 2
