2850 4590
572 282 828 348 *112*-

170 428 280 505 πολλᾶς
310 426 431 495 ἄνωθεν
458 427 590 515 ιἰρτοὶνας
620 433 694 513 έμῆς
723 431 811 515 δέρης
840 431 947 495 έλυσαν
975 427 1057 494 ἄλλοι
1083 428 1160 514 πρὸς
1182 432 1257 512 βίαν

170 533 349 615 λελημμένης
370 540 483 599 tradita
498 544 544 599 est
566 538 716 618 scriptura
731 534 915 616 λελημμένης.
950 537 1142 598 Blomfieldus
1157 539 1255 613 λελιμ·

171 636 261 716 μένης
283 660 379 721 ‚,quae
402 648 527 702 mortem
550 641 714 720 appetivi“‚
738 661 797 721 qua
813 640 1021 701 emendatione
1037 653 1112 699 num
1129 639 1256 714 linguae

170 743 265 803 indoli
296 745 334 804 sit
365 749 598 805 consentaneum
628 746 778 822 objectum
806 743 886 803 istud
909 749 1063 823 tamquam
1082 763 1122 802 ex
1143 741 1256 802 inieris

170 850 308 924 repetere
338 848 533 907 vehementer
565 867 619 921 ego
652 848 765 907 dubito.
815 847 862 905 De
893 846 985 906 variis
1016 848 1054 906 ab
1086 846 1256 906 editoribus

172 949 349 1023 excogitatis
371 951 552 1028 conjecturis
576 952 680 1011 confer
701 948 923 1012 Schneidewini
947 949 1171 1009 adnotationem
1195 948 1256 1009 ori-

171 1052 271 1111 ticam.

258 1148 452 1236 ὀρέγομαι.
497 1155 625 1233 Proprie
654 1160 773 1216 tantum
803 1154 975 1229 significatu
995 1153 1160 1234 „(manum)
1183 1173 1257 1230 por-

171 1257 291 1333 rigere“
312 1259 432 1320 videtur
459 1264 635 1338 usurpatum
665 1279 730 1318 esse
752 1262 809 1333 Ag.
837 1263 932 1318 1065:
962 1256 1109 1339 προτείνει
1136 1251 1168 1315 δὲ
1190 1253 1256 1337 χεὶρ

173 1357 206 1420 έκ
229 1353 312 1439 χερὸς
334 1354 504 1441 ὀρεχομένα.

260 1460 399 1541 ἱμείρω.
433 1465 555 1543 Recipit
576 1465 749 1540 genetivum
771 1463 815 1524 rei
836 1466 890 1538 Ag.
909 1469 986 1524 904:
1009 1460 1131 1542 έμεέρειν
1146 1454 1255 1540 μάχης,

172 1566 358 1627 infinitivum
380 1569 463 1629 Pers.
487 1574 564 1628 233:
587 1559 673 1644 τήνδε
695 1567 830 1646 θηρᾶσαι
851 1558 947 1626 πόλιν.

258 1690 298 1749 χρ
309 1663 384 1753 ῄζω.
419 1672 486 1731 Uno
507 1676 630 1750 excepto
652 1671 718 1731 loco
734 1690 828 1751 aeque
843 1672 934 1749 atque
950 1669 1145 1747 compositum
1161 1660 1255 1746 πρόσ-

173 1765 269 1856 χρῄζω
292 1773 352 1831 nisi
379 1773 411 1832 in
433 1775 614 1834 Prometheo
637 1794 699 1833 non
726 1773 846 1847 legitur.
871 1805 910 1814 —
933 1772 992 1832 Ubi
1015 1771 1167 1847 significat
1187 1770 1255 1846 „in-

174 1876 296 1951 digere“
318 1895 385 1935 cum
407 1877 548 1952 genetivo
572 1875 767 1952 conjungitur
788 1881 818 1934 et
840 1894 985 1953 personae
1007 1876 1058 1936 Pr.
1080 1875 1156 1934 378:
1179 1869 1258 1961 ἐμοῦ

174 1970 354 2038 διδασκάλου
369 1970 483 2062 χρῄζεις
505 1984 536 2039 et
557 1979 601 2039 rei
625 1980 678 2039 eh.
696 1980 755 2038 517
767 2000 773 2037 :
795 1976 876 2047 τίνος
896 1975 992 2056 βορᾶς
1012 1970 1160 2060 χρῄζοντα.
1194 1977 1255 2039 Ve-

173 2102 240 2142 rum
270 2081 295 2140 si
325 2082 396 2141 huic
418 2084 510 2142 verbo
541 2084 676 2159 subjecta
705 2086 751 2141 est
780 2080 826 2141 vis
852 2081 1024 2155 ‚,desidero‚
1056 2080 1255 2158 concupisco“

174 2184 360 2243 accusativus
382 2185 426 2244 rei
449 2185 649 2262 (pronominis
664 2183 812 2261 neutrius)
835 2184 959 2262 ponitur
980 2185 1030 2244 Pr.
1049 2183 1125 2243 927:
1150 2175 1256 2266 ιῖχρῄ-

174 2290 239 2358 ζεις.
276 2287 318 2346 ib.
336 2291 413 2345 983:
438 2282 515 2363 έρεῐν
538 2283 637 2357 έοικας
659 2279 747 2346 οὐδέν
767 2272 808 2345 οἷν
831 2279 926 2370 χρῄζει
949 2279 1054 2365 πατῄρ.
1089 2286 1139 2364 (de
1161 2289 1255 2345 attra-

176 2390 275 2449 ctione
299 2389 367 2449 vide
391 2388 477 2449 Rich.
503 2391 661 2450 Forster
682 2391 739 2464 „de
769 2389 958 2448 attractionis
987 2409 1043 2449 usu
1065 2386 1255 2466 Aeschyleo“

174 2515 203 2572 p.
223 2492 282 2570 13).
320 2490 494 2553 Infinitivus
517 2492 653 2572 sequitur
675 2494 725 2553 Pr.
743 2498 813 2567 236,
837 2496 908 2565 248,
932 2492 1003 2565 287,
1028 2497 1098 2567 699,
1125 2492 1193 2551 736.
1211 2526 1254 2535 -

175 2595 373 2671 Perticipium
389 2590 566 2672 κεχρημένος
588 2595 638 2674 (de
659 2597 755 2655 forma
770 2617 797 2656 v.
812 2593 952 2654 Dindorf.
967 2594 1025 2654 lex.
1043 2597 1150 2655 Aesch.
1173 2615 1195 2654 s.
1211 2593 1255 2672 v.)

175 2698 329 2777 aptissime
359 2699 544 2759 construitur
573 2718 640 2758 cum
670 2697 822 2758 infinitivo
851 2699 934 2758 Pers.
958 2702 1036 2757 820:
1068 2690 1145 2775 προς
1174 2687 1256 2755 ταῦτ’

177 2798 289 2861 ἐκεῖνον
312 2804 479 2880 σωφρονεῖν
500 2797 674 2879 κεχρημένοι
694 2795 698 2882 ξ
719 2790 867 2859 πινύσκετ’
883 2792 1029 2878 εὐλόγοισι
1053 2791 1254 2875 νουθετῄμασι

175 2911 229 2979 „ut
251 2903 303 2962 ille
321 2904 452 2982 prudens
476 2903 515 2963 sit
531 2908 697 2981 optantes“.
731 2903 780 2964 Sic
796 2902 915 2982 quidem
931 2902 1029 2963 locum
1045 2889 1266 2967 difficillimum,

176 3026 263 3086 posse
287 3007 410 3065 enodari
434 3027 488 3081 ego
512 3008 608 3068 credo.

263 3108 467 3186 compositum
499 3102 668 3193 προσχρῄ
675 3109 750 3181 ζειν
779 3109 826 3168 bis
856 3113 965 3170 exstat.
1012 3108 1179 3184 Legitimus
1209 3114 1257 3168 est

177 3213 364 3273 accusativus
387 3212 523 3273 neutrius
545 3212 731 3291 pronominis
753 3213 803 3272 Pr.
828 3217 903 3272 640:
926 3212 987 3270 πᾶν
1010 3205 1084 3291 ὅπερ
1107 3207 1253 3295 προσχρῄ·

175 3318 243 3389 ζετε.
287 3316 327 3374 ib.
353 3316 429 3376 785:
452 3317 513 3374 πᾶν
535 3310 606 3377 ὅσον
629 3308 829 3398 προσχρῄζετε.

262 3420 363 3482 Verba
385 3419 647 3499 consequendi
670 3423 741 3478 sunt
761 3420 852 3479 haee:

263 3514 440 3601 τυγχάνω.
484 3524 524 3582 Et
554 3524 633 3581 bono
664 3527 694 3581 et
722 3520 800 3580 malo
831 3540 921 3580 sensu
950 3524 1120 3597 usurpetur.
1167 3519 1255 3579 27ies

177 3625 288 3700 legitur
311 3645 377 3684 cum
400 3621 554 3701 genetivo,
586 3630 721 3706 quater
750 3644 816 3683 eum
844 3622 983 3699 genetivo
1005 3642 1152 3699 personae
1173 3623 1254 3699 Sept.

182 3734 279 3789 1048:
301 3729 418 3787 πολλῶν
439 3720 638 3806 πενθητήρων
661 3719 755 3810 τεύξη.
801 3730 857 3801 Ag.
884 3731 959 3785 160:
982 3727 1162 3805 τριακτῆρας
1183 3722 1254 3802 οἴχε-

178 3853 225 3890 ται
248 3823 352 3908 τυχών.
395 3829 436 3889 ib.
462 3833 559 3889 1028:
590 3830 746 3908 θρηνητοῦ
775 3831 869 3905 τυχεῖν
895 3828 936 3907 (v.
960 3832 1022 3887 not.
1046 3827 1255 3907 Schneidew.).

179 3934 280 4013 Suppl.
307 3939 383 3994 148:
413 3923 454 4010 μῄ
476 3933 619 4008 τυχοῦσαι
640 3933 723 3991 θεῶν
744 3923 914 4006 Ὀλυμπίων
944 3931 1061 4009 (sensus
1084 3937 1130 3992 est
1151 3952 1189 4005 „a
1212 3932 1258 3991 dis

102 4091 109 4117 ,
178 4039 308 4114 rejectae
330 4044 361 4097 et
383 4036 602 4114 contemptae“)
619 4035 704 4095 23ies
720 4054 786 4095 cum
802 4033 941 4109 genetivo
957 4035 1017 4095 rei:
1039 4036 1157 4112 objecta
1172 4039 1258 4094 sunt:

180 4142 229 4201 Pr.
246 4141 324 4200 273:
348 4131 460 4220 έρῄμου
483 4129 592 4217 πάγου.
632 4137 672 4198 ib.
690 4143 760 4197 648.
783 4141 839 4213 Ag.
857 4136 927 4198 727.
949 4139 1007 4212 frg.
1024 4143 1074 4212 41,
1091 4143 1126 4199 2:
1148 4130 1256 4218 γάμου.
