2850 4590
633 291 846 356 ..54-

287 445 318 524 β)
342 446 522 520 Genetivus,
546 448 598 527 qui
621 449 770 526 pendete
793 448 930 520 nomine,
954 447 1137 525 subjectivus
1161 454 1208 508 est
1229 451 1281 509 vel

200 550 399 627 possessivus.
443 552 527 609 Pers.
544 555 619 610 453:
642 551 722 608 ναῶν
745 585 785 593 -
808 549 901 619 κῦδος
917 585 958 593 -
974 542 1076 626 μάχης.
1115 571 1183 626 gen.
1199 553 1280 610 ναῶν

200 653 313 730 pendet
334 655 371 712 ab
394 646 507 728 μάχης,
531 675 599 728 gen.
616 645 712 729 μάχης
733 676 751 712 a
772 652 894 713 nomine
914 651 1016 721 κῦδος.
1040 655 1152 731 (Sohol.
1170 657 1211 715 Μ.
1229 657 1281 731 τῆς

200 752 385 832 ναυμαχίας).
430 755 471 816 ib.
490 761 568 817 839:
591 749 712 832 direptor
738 790 773 801 -
798 749 907 826 παιδός
929 747 1008 830 άμφλ
1031 749 1145 831 σάματι
1164 753 1169 839 Ι
1189 754 1280 832 ἐσθη-

201 849 311 931 μάτων.
345 858 386 919 ib.
403 863 481 917 924:
504 849 584 934 βάρη
604 854 609 939 Ι
628 851 742 927 πόλεως
756 853 862 937 γέννας
877 861 1077 937 πενθητῆρος.
1111 861 1192 938 Sept.
1205 866 1281 921 649:

200 957 314 1038 γενείου
332 959 457 1044 ξυλλογῆ
474 952 665 1039 τριχοίματος.
710 964 768 1037 Ag.
785 966 840 1022 35:
863 956 933 1039 γε’ρα
949 953 1078 1032 άναιιτος
1093 959 1193 1021 οίιιων.
1237 963 1280 1024 ib.

202 1065 279 1121 414:
301 1057 429 1122 πίνθεια
450 1097 492 1108 -
515 1056 619 1137 δόμων
641 1056 782 1135 ἑκάστου,
808 1065 880 1145 (quo
903 1066 1027 1125 deloco
1051 1065 1124 1124 satis
1146 1065 1281 1143 disputa-

200 1165 300 1227 vimus
322 1188 351 1244 p.
370 1168 432 1244 52).
475 1166 516 1227 ib.
535 1172 612 1228 910:
635 1167 718 1226 θεῶν
737 1163 742 1247 Ι
761 1159 803 1243 μῆ
827 1187 871 1237 τις
888 1202 931 1212 -
946 1160 1081 1243 ὄμματος
1096 1162 1183 1243 βάλοι
1200 1161 1281 1242 φθό·

204 1288 262 1336 νος.
299 1268 340 1329 ib.
360 1274 458 1329 1401:
482 1261 572 1345 εόνῆς
586 1262 801 1348 παροψώνημα
819 1271 871 1346 τῆς
886 1266 959 1347 ἐμῆς
973 1269 1082 1347 χλιδῆς.
1127 1273 1231 1350 Suppl.
1246 1278 1282 1332 9:

202 1363 299 1450 γάμον
320 1364 479 1451 Αἰγύπτου
509 1370 635 1433 παίδων.
678 1372 720 1434 ib.
738 1373 792 1433 57:
826 1365 889 1432 όπα
911 1373 964 1443 τᾶς
990 1373 1116 1451 Τηρεΐας
1134 1370 1139 1456 Ι
1159 1367 1282 1449 μήτιδας

202 1469 322 1550 οἰκτράς
336 1468 454 1552 άλόχου.
499 1476 540 1536 ib.
558 1481 634 1535 281:
657 1469 928 1559 κληδοῦχονἭρας
949 1471 1151 1552 -δωμάτων
1169 1513 1211 1520 —-
1222 1470 1281 1536 Ἰσί.

202 1580 301 1638 Prom.
319 1583 373 1638 21:
397 1570 466 1636 οότε
488 1572 595 1655 φωνῆν
617 1571 684 1637 οὔτε
707 1600 761 1638 του
776 1571 897 1654 μορφῆν
917 1578 1034 1656 βροτῶν
1057 1579 1106 1656 (de
1129 1580 1281 1657 pronomi-

201 1680 249 1739 nis
262 1678 304 1749 τίς
316 1683 513 1742 collocatione
525 1684 724 1761 eomparanda
735 1688 782 1742 est
793 1683 975 1744 Weckleinii
988 1683 1143 1742 adnotatio
1154 1706 1180 1742 a.
1193 1685 1224 1742 h.
1237 1684 1281 1760 l.).

287 1786 316 1862 γ)
340 1784 503 1863 μειδιάσαι
533 1790 579 1846 est
600 1788 683 1846 Pers.
703 1791 759 1844 61:
793 1779 907 1845 τοιόνδ’
938 1778 1061 1853 άνθος
1087 1784 1282 1862 Περσίδος

202 1884 286 1955 αἰάς
306 1885 310 1967 Ι
331 1884 439 1964 οίχεται
467 1879 628 1967 άνδρῶν.
674 1890 743 1966 (Ag.
768 1894 845 1949 551:
877 1881 949 1965 ῆμῖν
978 1883 1010 1946 δὲ
1039 1891 1102 1957 τοῖς
1132 1890 1282 1946 λοιποῖσιν

201 1982 339 2067 Ἀργείων
362 1990 511 2070 στρατοῦ).

288 2096 318 2153 b.
341 2093 528 2154 Genetivi
558 2093 602 2153 ita
625 2097 848 2171 conjunguntur
877 2115 943 2154 oum
972 2093 1108 2167 nomine,
1142 2098 1177 2152 ut
1206 2095 1283 2154 alter

203 2219 270 2258 oum
294 2219 328 2258 eo
344 2203 497 2277 tamquam
511 2198 543 2256 in
564 2220 654 2258 unam
670 2199 803 2258 confluat
817 2198 980 2272 notionem,
1004 2199 1052 2258 oui
1068 2199 1189 2278 quidem
1206 2202 1283 2260 alter

203 2300 361 2376 genetivus
383 2300 563 2360 edueatitur.

289 2414 320 2470 α)
343 2403 524 2476 Genetivus,
555 2403 607 2483 qui
637 2424 727 2462 unam
754 2402 908 2463 notionem
938 2403 1033 2462 effioit
1063 2425 1129 2464 oum
1152 2405 1284 2478 nomine,

205 2511 251 2565 est
279 2506 540 2584 appositivas.
593 2509 650 2580 Ag.
675 2510 732 2565 44:
766 2500 959 2584 διθρόνου
989 2541 1032 2549 ——
1064 2503 1114 2563 καί
1145 2500 1281 2582 δισκῆ-

204 2630 330 2685 πτρου
349 2606 354 2689 Ι
374 2609 485 2684 τιμῆς
515 2600 626 2685 όχυρόν
653 2609 757 2684 ζεῦγος
782 2601 946 2680 Ἀτρειδῶν.
969 2643 1011 2652 —-
1037 2602 1193 2685 Ἀτρειδᾶν
1215 2633 1282 2686 gen.

204 2718 250 2773 est
266 2711 454 2791 appositivas
470 2713 633 2771 oohaerens
656 2730 723 2770 oum
738 2711 840 2787 ζεῦγος
854 2710 898 2788 (v.
913 2732 981 2789 pag.
1000 2713 1062 2787 10).
1108 2714 1188 2772 Huio
1204 2736 1283 2774 oom-

204 2815 341 2895 plexioni
356 2817 514 2893 adjunotus
537 2819 583 2873 est
600 2813 759 2889 genetivus
780 2813 981 2893 qualitatis
997 2808 1146 2891 διθρόνου
1165 2851 1207 2860 -
1230 2815 1281 2874 καὶ

205 2911 390 2994 δισκῆπτρου
417 2918 505 2993 τιμῆς
534 2918 584 2996 (of.
608 2938 675 2995 pag.
693 2917 755 2994 42).
780 2950 823 2959 -
845 2918 934 2976 Adde
965 2917 1006 2976 sis
1028 2921 1086 2993 Ag.
1103 2924 1179 2979 348:
1211 2915 1284 2998 μέγα

206 3020 379 3089 δουλείας
397 3019 402 3103 Ι
422 3015 585 3100 γάγγαμον,
608 3011 682 3093 άτης
696 3012 884 3078 παναλοίτου.
931 3018 1065 3091 δουλείας
1086 3043 1153 3096 gen.
1172 3028 1218 3082 est
1232 3044 1284 3101 ap·

206 3147 284 3205 pos,
307 3117 380 3200 άτης
401 3125 504 3183 παναλ.
529 3128 575 3183 est
597 3121 752 3202 qualitatis
773 3122 824 3199 (of.
847 3123 911 3200 p.7
936 3126 967 3182 et
988 3145 1017 3202 p.
1035 3126 1098 3202 42).
1121 3160 1163 3170 —
1185 3125 1285 3189 Quare

205 3251 266 3290 non
288 3248 397 3289 vereor
417 3226 491 3286 huio
512 3226 616 3302 generi
639 3226 748 3285 addere
764 3224 921 3300 genetivos
944 3227 1184 3304 possessivos
1207 3230 1285 3303 ejus-

205 3332 286 3393 modi
316 3330 575 3410 complexionibus
606 3327 758 3408 appositos
789 3331 872 3388 Pers.
897 3334 973 3390 232:
1009 3322 1088 3407 πρός
1116 3328 1285 3404 δυσμαῖς

207 3429 336 3504 άναιιτος
356 3425 480 3492 Ἡλίου
503 3424 801 3507 φθινασμάτων.
845 3430 955 3490 Verbis
971 3429 1098 3505 δυσμαῖς
1113 3425 1285 3506 φθινασμά·

207 3559 266 3597 των
287 3538 330 3615 (v.
352 3558 420 3616 pag.
437 3535 469 3614 6)
491 3535 625 3612 adjeotus
654 3537 700 3593 est
722 3531 882 3608 genetivus
904 3533 1092 3610 possessivus
1111 3524 1220 3593 Ἡλίου.
1243 3568 1286 3578 -«

207 3644 248 3704 ib.
266 3646 343 3701 516:
367 3630 474 3708 νυκτός
492 3631 566 3711 όψις
587 3671 630 3682 -·
652 3633 810 3696 ἐνυπνίων.
855 3638 906 3696 Pr.
924 3640 999 3696 133:
1022 3628 1139 3695 κτάπου
1161 3673 1204 3682 -
1223 3629 1285 3714 άχῶ

207 3740 343 3823 χάλυβος.

294 3846 325 3924 β)
348 3848 437 3906 Alter
449 3844 618 3921 genetivus,
637 3844 688 3923 qui
702 3848 749 3904 est
763 3842 1025 3921 possessivus,
1046 3842 1092 3902 ita
1107 3849 1286 3904 connecten-

208 3955 263 4011 dus
287 3955 333 4010 est
362 3971 428 4010 oum
450 3948 588 4021 nomine,
620 3952 656 4007 ut
684 3949 762 4007 alter
791 3946 848 4006 toti
877 3945 949 4005 huia
976 3945 1093 4006 notioni
1116 3947 1286 4024 appositive

210 4056 345 4115 addatur.
367 4087 409 4097 —
431 4050 586 4112 Eximium
609 4052 781 4129 exemplum
802 4049 835 4107 in
857 4053 1000 4127 promptu
1023 4054 1069 4109 est
1089 4052 1189 4109 Prom.
1208 4055 1286 4108 435:

209 4151 343 4226 κελαινός
365 4149 395 4216 δ’
410 4149 514 4225 ’Ἇιδος
536 4187 578 4198 -
600 4146 693 4230 μυχός
707 4154 771 4233 γᾶς.
796 4173 863 4228 gen.
885 4153 941 4231 γᾶς
955 4152 1060 4231 (poss.)
1083 4173 1151 4212 oum
1164 4152 1286 4212 nomine
