2850 4590
648 304 840 370 -3m

203 463 252 522 Pr.
280 461 358 520 1078
382 461 451 540 (Ag.
479 465 574 521 1069:
605 447 625 537 ἦ
655 453 779 520 δίκτυόν
808 482 835 519 τι
865 452 891 540 γ’
911 453 1031 534 ‘'Attlov,
1063 455 1115 520 ἄλλ
1145 454 1282 540 όίρκυςῆ

203 559 344 635 ξύνευνος
374 586 433 624 non
464 566 650 642 appositivus
680 565 837 640 genetivus
868 570 913 624 est
943 567 1118 625 statuendus
1141 567 1191 624 sed
1213 588 1282 644 pos·

204 669 334 728 sessivus
363 671 399 727 ef.
423 668 646 730 Sohneidevvini
670 669 916 746 adnotationem).
960 671 1133 750 Eodemque
1156 671 1283 750 quadrat

204 776 258 846 Ag.
279 777 375 831 1329:
398 773 537 847 πημονῆς
552 765 729 850 ἄρκόστατα.
764 772 909 851 Reliquae
932 774 1021 849 hujus
1044 772 1162 847 generis
1184 777 1282 832 trans-

203 875 331 934 lationes
361 880 445 935 sunt:
475 868 587 950 χθονός
617 877 720 951 χλαῖνα
747 911 788 920 -
819 880 900 935 terra
930 880 977 935 est
1004 877 1212 935 indumentum
1238 910 1280 919 -

205 983 260 1054 Ag.
286 985 355 1037 836.
401 970 551 1053 μνήμονες
578 973 674 1036 δέλτοι
696 979 814 1055 φρενῶν
836 980 886 1038 Pr.
911 978 970 1037 787
1002 982 1106 1039 oonfer
1127 981 1181 1039 (lh.
1205 979 1281 1039 437:

203 1073 313 1140 τοιαῦτ’
336 1074 456 1140 ἆκοόων
484 1077 521 1140 ἒν
552 1077 688 1160 φρεσίν
717 1073 847 1160 γράφου.
892 1082 1000 1160 Soph.
1024 1085 1080 1144 Ph.
1106 1088 1202 1142 1325:
1231 1080 1284 1139 καί

203 1175 284 1242 ταῦτ’
307 1180 415 1243 ἐπίστω
438 1179 489 1240 καί
512 1175 632 1261 γράφου
655 1183 775 1262 φρενῶν
798 1180 863 1243 ἔσω.
904 1185 961 1259 frg.
987 1190 1045 1243 535
1070 1185 1161 1263 (apud
1183 1185 1282 1244 Sehol.

205 1287 292 1346 Pind.
318 1287 363 1346 01.
379 1287 419 1359 Χ,
437 1289 482 1366 3):
506 1281 560 1355 θὲς
583 1278 609 1344 δ’
628 1282 658 1344 ἐν
681 1280 792 1364 φρενός
814 1282 940 1345 δέλτοισι
963 1282 1033 1356 τούς
1055 1280 1147 1362 ἕμοός
1167 1280 1282 1365 λόγους.

207 1389 320 1469 [Schol.
343 1391 384 1450 M.
416 1397 540 1466 perapte
571 1391 688 1448 confert
716 1389 875 1450 Pindariea
905 1392 979 1450 haee
1003 1390 1049 1451 01.
1072 1391 1112 1464 Χ,
1137 1398 1169 1450 3:
1200 1410 1282 1448 ποτι·

205 1488 318 1570 φρένας
340 1485 413 1567 ἕμοίς
434 1487 594 1570 γέγραπται
616 1528 657 1536 -
681 1493 852 1554 emendavit
873 1493 1049 1558 Dindorfius
1072 1489 1149 1551 πόθι
1172 1487 1283 1571 φρενός

205 1592 276 1668 ἐμοῖς
306 1591 490 1676 γέγραπται]
542 1601 598 1670 Ag.
623 1597 699 1656 766:
733 1616 765 1654 ευ
796 1592 956 1674 πραπίδων
986 1593 1075 1654 οἰάιια
1106 1592 1204 1671 νέμων
1232 1598 1283 1674 (of.

205 1701 286 1757 Pers.
306 1698 381 1757 758:
404 1694 574 1777 φρένες-
597 1692 693 1757 αὐτοῦ
716 1691 818 1774 θυμόν
841 1691 1099 1780 ᾠακοστρόφουν).
1141 1702 1191 1761 Pr.
1209 1706 1284 1760 648ε

205 1798 310 1878 ίμίρου
340 1799 416 1877 βέλει
444 1796 521 1879 πρός
547 1803 602 1860 σοῦ
624 1798 788 1861 τέθαλπται
810 1803 893 1880 (vide
915 1823 1007 1880 supra
1029 1804 1178 1882 κεραυνοῦ
1200 1799 1284 1880 βέλος

205 1905 285 1982 Sept.
310 1904 394 1980 436).
440 1908 496 1980 Ag.
523 1911 576 1964 52:
602 1898 757 1984 πτερύγων
780 1903 924 1983 ἐρετμοῖσι
947 1898 1140 1983 ἐρεσσόμενοι.
1185 1908 1284 1966 Blem-

204 2008 310 2066 fieldns
332 2009 458 2068 advocat
480 2009 571 2083 Verg.
595 2013 669 2068 Aen.
685 2010 738 2081 VI,
764 2013 816 2068 19:
841 2009 999 2083 remigium
1022 2009 1144 2068 alarum.
1179 2010 1283 2069 Paullo

206 2111 294 2170 aliter
316 2110 389 2170 dioit
411 2113 499 2172 Luor.
522 2112 577 2185 VI,
601 2112 678 2173 743:
703 2133 868 2190 pennarum
891 2111 960 2171 vela
982 2113 1147 2171 remittens.
1170 2148 1211 2156 —
1234 2113 1285 2171 Ul·

205 2213 280 2274 timo
309 2215 374 2274 loeo
406 2235 515 2292 ponam
545 2215 625 2292 Sept.
651 2221 727 2276 354:
759 2214 936 2290 πομπίμους
957 2208 1048 2292 χνοοίς
1069 2212 1182 2273 ποδῶν.
1227 2219 1283 2290 Ag.

208 2323 284 2377 803:
307 2308 424 2391 όμιλίας
445 2312 616 2398 κάτοπτρον
638 2320 839 2392 „cousuetudo
863 2324 1015 2398 tamquam
1038 2324 1083 2377 est
1105 2319 1284 2396 speculum“.

293 2421 374 2498 sept.
399 2428 454 2481 64:
487 2419 545 2503 βοᾷ
575 2415 630 2499 yolo
661 2423 760 2498 κῶμα
788 2425 923 2500 χερσαῖον
951 2422 1116 2499 στρατοῶ
1149 2423 1185 2481 of.
1215 2423 1283 2481 adu.

207 2523 306 2584 Sehol.
330 2524 370 2583 M.
394 2531 424 2584 et
446 2525 603 2584 Matthiaei
627 2525 678 2584 Gr.
701 2524 753 2585 Gr.
776 2524 801 2604 5.
818 2532 889 2598 446,
914 2530 943 2584 4.

294 2629 325 2705 d)
349 2628 447 2692 Quum
469 2629 548 2706 apud
570 2628 652 2695 alios,
667 2629 828 2706 seriptores
850 2635 915 2687 tum
937 2629 1015 2705 apud
1032 2628 1214 2706 Aesohylum
1237 2648 1286 2702 ge·

208 2731 327 2791 netivus
357 2733 544 2809 appositivas
573 2732 622 2792 vel
651 2733 752 2810 potius
783 2732 956 2791 definitivus
988 2752 1076 2811 quem
1105 2751 1208 2790 vooem
1236 2732 1286 2788 ad-

205 2835 344 2912 jungitur
373 2836 545 2894 notionibus
568 2831 669 2914 γὲνος,
701 2833 811 2911 δῆμος,
841 2827 914 2903 λαός
936 2834 1096 2907 similibus,
1129 2854 1204 2913 quae
1233 2833 1285 2890 illo

209 2937 410 2997 terminentur
439 2948 468 2998 et
498 2939 688 2998 definiantur.
732 2941 844 2998 Errant
866 2939 946 2998 enim
968 2939 1163 2999 vehementer
1188 2936 1209 2994 ii
1234 2936 1286 3015 qui

210 3041 382 3116 genetivum
406 3063 443 3101 ex
466 3042 636 3118 hujusmodi
659 3042 855 3101 substantivis
877 3046 1211 3120 optumusquequaque
1233 3041 1286 3096 ha·

210 3147 283 3203 bent
304 3164 358 3221 pro
381 3146 543 3222 partitive,
575 3166 666 3226 quum
689 3145 715 3203 is
738 3166 801 3205 rem
824 3165 904 3215 eam,
935 3145 1015 3203 iutra
1037 3145 1121 3220 eujus
1143 3142 1287 3201 ambitum

210 3248 322 3327 aliquid
355 3255 415 3321 est,
447 3249 591 3308 enuntiet.
635 3248 790 3325 Exemplis
820 3253 854 3307 ut
882 3268 917 3307 ea
940 3267 1015 3327 quae
1038 3247 1103 3306 dieo
1131 3245 1287 3316 illustrem,

210 3347 295 3429 με’νος
317 3348 445 3429 βροτῶν,
476 3351 633 3428 genetivus
664 3353 687 3410 si
719 3359 765 3411 est
794 3351 969 3429 partitivus,
999 3349 1113 3409 indioat
1139 3333 1207 3422 „ein
1230 3348 1287 3407 Ge-

211 3455 347 3514 sehleoht
375 3457 428 3514 der
449 3456 635 3515 Mensehen“
659 3461 780 3533 eontra,
812 3455 837 3514 si
868 3461 914 3514 est
942 3453 1116 3514 definitivus
1136 3452 1208 3525 „das
1231 3451 1287 3511 Ge-

212 3558 348 3617 sohleoht
376 3560 429 3618 der
451 3560 643 3619 Meusehen“.
688 3561 725 3619 ef.
748 3559 889 3618 Kleine
918 3559 974 3631 „de
996 3555 1129 3632 genetivi
1159 3576 1215 3614 usu
1237 3555 1288 3614 Li-

211 3661 320 3723 viano“
342 3683 442 3741 gymn.
470 3683 569 3740 progr.
593 3663 683 3724 Oleve
708 3667 788 3721 1866
813 3682 842 3739 p.
859 3667 898 3720 20
922 3680 1005 3740 seqq.
1028 3693 1070 3703 -
1099 3659 1160 3719 Vix
1189 3664 1288 3717 autem

211 3771 315 3843 aptum
345 3766 491 3845 estquod
514 3765 662 3825 deelarem
689 3765 723 3824 in
751 3765 851 3824 loeum
872 3763 921 3824 vel
949 3764 1040 3838 hujus
1063 3761 1196 3836 genetivi
1219 3764 1288 3820 sub-

211 3868 297 3930 stitui
318 3886 405 3947 posse
427 3868 590 3945 adjeetiva:

300 3972 331 4049 1)
352 3965 462 4051 μόνος.
477 3968 559 4051 Sept.
581 3974 660 4032 218:
679 3963 832 4047 δαιμόνων
852 3968 941 4045 τιμῶν
962 3963 1055 4047 γένος.
1091 3972 1168 4026 288;
1191 3987 1289 4046 γυναι-

541 4072 633 4139 467..

697 4170 768 4242 ὀὖν
794 4164 853 4237 ,οὖν
872 4167 1050 4258 θεοπτύστῳ
1077 4169 1161 4254 γένει.
1206 4175 1288 4235 Pers.
