2850 4590
603 257 815 322 ,72-

254 409 420 482 ἕνοικος.
466 416 516 473 Pr.
534 413 611 473 417:
637 411 780 492 Κολχίδος
802 433 832 473 τε
855 416 908 495 γᾶς
931 411 1043 475 ἔνοικοι
1062 410 1067 496 Ι
1088 409 1248 492 παρθένοι.

170 517 335 578 Genetivus
359 520 405 576 ast
420 515 692 592 subintelligendus
714 519 818 598 Suppl.
836 524 912 579 520:
935 516 1010 588 Δίας
1028 538 1073 577 τοι
1093 513 1178 597 γένος
1200 509 1250 577 εῦ-

168 612 275 697 χδμεθ’
302 609 376 678 εἶναι
397 615 402 702 Ι
422 620 476 700 μῦς
499 612 559 678 eiad
583 615 666 679 τᾶσδ’
691 617 811 681 ἔνοικοι.
856 624 958 684 Verba
979 621 1060 682 enim
1082 619 1251 681 Hermanni
1364 671 1373 687 ,

170 722 348 783 auctoritate
370 723 453 783 nisus
476 724 552 783 duco
576 727 783 803 conjungenda
806 747 886 786 esse:
909 717 1058 802 εὐχόμεθα
1075 719 1160 804 γένος
1174 713 1252 782 εἶναι

172 818 230 884 sind
247 824 335 901 τῆσδε
351 823 416 895 δίας
437 825 508 906 γῆς,
532 822 644 886 ἔνοικοι
667 821 768 903 αὐτῆς.
813 828 974 889 Rationem
990 827 1089 888 minus
1110 828 1251 888 idoneam

171 928 276 989 attulit
297 929 469 1002 Schiitaius‚
497 928 616 992 Pauvii
643 933 844 1008 conjecturam
873 921 997 991 ῦποικοι
1026 930 1185 1010 accipiens.
1208 964 1252 974 -
1334 953 1336 958 ¹

173 1031 361 1094 substantive
383 1031 495 1092 dicitur
517 1032 582 1092 sine
597 1033 739 1109 genetivo
760 1035 836 1094 haec
858 1056 935 1097 vox:
958 1035 1062 1113 Suppl.
1081 1037 1156 1093 591:
1179 1022 1251 1108 μήτ’

174 1130 296 1195 ἒνοίκων
318 1127 386 1211 μήτ’
413 1127 571 1210 ἐπηλύδων
592 1129 667 1194 τινα.

260 1233 440 1314 μέτοικος
462 1238 512 1317 (de
535 1241 680 1314 μετοικεῖν
704 1258 727 1299 c.
751 1259 818 1314 gen.
842 1238 913 1300 vide
934 1239 1038 1317 infra).
1074 1241 1158 1299 Pers.
1174 1239 1254 1299 317:

175 1341 305 1419 σκληρᾶς
333 1335 465 1415 μέτοικοι
492 1341 547 1421 γῆς
576 1341 626 1420 (ct
656 1341 881 1402 adnotationem
910 1342 1009 1403 Schol.
1025 1342 1081 1420 M.)
1104 1343 1157 1402 ch.
1175 1347 1255 1402 965:

174 1439 306 1520 μέτοικοι
329 1436 446 1520 δόμων,
471 1446 551 1524 quod
569 1443 703 1523 explicat
724 1444 822 1504 Schol.
839 1447 898 1504 M.:
921 1442 953 1502 oi
972 1446 1028 1503 νῦν
1044 1430 1119 1514 ’τοῦς
1142 1437 1255 1518 δόμους

176 1544 334 1616 οἰκοῦντες.
350 1582 391 1590 -
409 1547 575 1609 Genetivus
598 1547 725 1607 omissus
742 1552 787 1606 est
802 1547 884 1626 Sept.
903 1552 973 1607 531.
997 1549 1051 1607 ch.
1069 1553 1140 1608 665.
1164 1550 1252 1608 Eum.

174 1656 246 1710 989.
270 1650 374 1729 Suppl.
393 1654 463 1710 961.
481 1683 522 1694 -
537 1653 595 1726 Ag.
613 1655 665 1709 58:
688 1648 780 1708 τῦνδε
796 1647 942 1726 μετοίκων
957 1656 1039 1712 recte
1055 1652 1136 1730 expl.
1153 1650 1254 1712 Schol.

176 1755 235 1814 M.:
257 1743 333 1832 ῦπὲρ
356 1754 415 1811 τῶν
437 1747 686 1829 μετοικισθὲοτων
709 1746 819 1828 δόμων.

216 1840 219 1845 ’
263 1851 399 1936 (ἔποικος
421 1854 564 1935 adjectivi
587 1876 691 1915 sensus
714 1860 760 1915 est
781 1855 920 1935 passivus
935 1857 986 1916 Pr.
1000 1860 1077 1915 413:
1100 1847 1209 1915 δπῦσοι
1232 1846 1256 1914 τ’

179 1955 302 2019 ἔποικον
332 1950 424 2038 ῦγοῦς
445 1954 457 2043 lt
474 1953 578 2028 Ἀσίας
608 1955 676 2028 ἕδος
704 1954 850 2035 νέμονται.
897 1960 973 2020 conf.
1006 1980 1082 2039 quae
1112 1961 1258 2021 adnotant

179 2063 364 2124 Schmidtius
386 2067 418 2122 et
439 2062 646 2125 Weckleinius
669 2084 694 2122 a.
710 2065 741 2122 h.
757 2064 791 2142 1.)

266 2163 438 2243 ἔννομος.
484 2167 588 2246 Suppl.
605 2167 683 2226 547:
714 2164 743 2224 οἳ
766 2167 821 2246 μῦς
842 2158 906 2224 τότ’
932 2151 1008 2242 ἦσαν
1031 2161 1159 2241 ἔννομοι.
1204 2168 1259 2226 Oe·

179 2271 269 2345 teris,
291 2270 345 2332 ubi
361 2270 505 2345 occurrit,
528 2269 611 2344 locis,
635 2274 687 2329 aut
707 2290 796 2330 sensu
812 2269 931 2348 passivo
955 2269 1184 2344 ‚,legitimus“
1207 2273 1260 2330 aut

181 2375 314 2436 activo
337 2376 438 2450 „leges
462 2378 604 2436 servans“
627 2372 777 2450 siguificat
800 2374 935 2434 absolute
957 2373 1098 2452 positum.

266 2583 309 2642 Ut
329 2581 421 2641 finem
442 2579 602 2654 faciamus,
626 2600 718 2660 quum
738 2581 814 2639 haec
835 2584 897 2639 tam
920 2581 1020 2657 ampla
1040 2579 1167 2639 materia
1189 2599 1259 2656 sup-

182 2686 313 2766 peditet,
337 2683 508 2762 adjectivis,
532 2704 607 2764 quae
630 2683 731 2743 verbis
754 2682 925 2744 transitivis
947 2683 1146 2760 respondent,
1169 2703 1259 2757 gene-

182 2789 241 2852 tivi
264 2787 413 2868 (genuini)
437 2787 616 2847 adnectendi
637 2787 786 2847 rationem
807 2789 897 2862 longe
919 2788 1040 2866 lateque
1062 2785 1191 2845 diffundi
1213 2785 1260 2847 vi·

183 2895 289 2953 demur
318 2890 405 2951 nobis
440 2891 576 2952 evicisse.
627 2893 736 2952 Restat
764 2896 882 2964 tamem
915 2895 950 2950 ut
981 2892 1081 2950 locum
1112 2890 1260 2969 quendam

185 2996 331 3058 curiosius
346 3000 510 3056 tractemus
532 2994 576 3055 ita
597 3000 632 3055 ut
654 2995 744 3055 simui
766 2993 915 3054 adoliam
929 2992 1093 3072 Aeschylei
1116 2992 1261 3054 sermonis

184 3100 401 3181 proprietatem
417 3101 652 3176 cognoscendam
667 3098 856 3178 aliquantum
869 3096 1013 3158 utilitatis
1036 3117 1075 3157 ex
1096 3098 1154 3157 hac
1171 3116 1262 3177 quae-

185 3205 283 3266 stione
303 3205 461 3265 redundet.
484 3237 527 3248 -

271 3312 328 3384 Ag.
346 3312 421 3368 294:
448 3306 627 3387 Σαρωνικοῦ
646 3301 651 3388 1
671 3305 814 3386 πορθμοῦ
835 3296 986 3365 κοὶιοπιον
1007 3303 1121 3383 πρῶνα.
1165 3301 1263 3362 Madi-

187 3413 233 3475 oei
249 3412 359 3473 codicis
375 3412 555 3490 scripturam
570 3409 713 3472 vitiosam
729 3401 926 3490 κάτοπτρον
946 3410 1024 3469 bene
1040 3405 1173 3468 correxit
1187 3407 1263 3466 Oan-

186 3525 269 3580 tcrus
292 3517 476 3578 scholiastae
499 3518 541 3576 Μ.
564 3520 653 3576 nota:
684 3505 717 3573 κδ
741 3507 890 3588 κατόψιον
911 3512 1069 3592 impulsus.
1112 3511 1263 3570 Bernhar-

187 3625 280 3702 dyum
302 3624 394 3701 (synt.
418 3644 447 3700 p.
465 3619 532 3699 50),
564 3619 675 3699 quippe
698 3617 752 3698 qui
773 3609 966 3697 κῦιοπκρον
987 3616 1070 3675 istud
1091 3615 1264 3692 comproba·

188 3726 278 3799 verit,
301 3724 411 3784 acriter
425 3723 623 3802 reprehendit
637 3722 837 3781 Hermannus.
881 3717 1140 3799 Reprehendisset
1152 3718 1264 3780 vellem

189 3831 314 3891 eandem
345 3831 383 3889 ob
413 3848 531 3888 causam
552 3827 746 3885 Klausenum.
776 3857 819 3869 —
848 3826 949 3884 Verba
976 3822 1056 3901 ipsa,
1089 3823 1126 3882 de
1156 3821 1265 3902 quibus

191 3933 371 4016 quaerimus,
393 3931 882 4011 interpretaturHermannus:
903 3925 996 4000 „litus
1018 3931 1127 3986 trans
1150 3926 1265 3985 Saro-

190 4038 311 4098 nicum
341 4037 439 4096 sinum
469 4033 691 4114 conspicuum.“
734 4034 878 4093 Involuta
899 4051 1008 4093 vereor
1036 4051 1075 4090 ne
1105 4029 1145 4089 sit
1175 4033 1266 4109 atque

190 4141 337 4220 impedita
357 4142 433 4200 haec
455 4137 589 4216 genetivi
604 4139 678 4217 Σαρ.
695 4156 725 4197 π.
751 4134 923 4214 explicandi
944 4133 1032 4196 ratio.
1075 4133 1145 4194 Non
1165 4130 1266 4194 minus
