2850 4590
612 315 803 382 ..η-

169 475 302 534 delibero
324 493 363 533 an
386 474 549 533 consimilis
571 475 648 533 ratio
673 473 713 532 sit
734 473 866 548 genetivi
889 473 920 531 in
944 472 1025 550 Sept.
1050 477 1128 532 54⁴1:
1151 462 1249 548 θηρὸς

168 574 307 652 ἐχθίστου
330 570 444 647 δοίκους
465 570 543 636 rinei
588 577 664 637 Vide
687 577 791 654 Eurip.
815 575 906 653 Hipp.
931 581 1007 634 646:
1037 566 1182 653 ίίφθογγα
1205 608 1246 617 -

167 673 245 757 δοίκη
267 681 384 759 θηρῶν,
407 682 553 760 quemad
575 680 674 739 locum
695 679 821 737 adnotet
838 678 965 738 Valok.
988 697 1100 757 „quum
1123 677 1247 757 quaevis

167 783 257 842 etiam
280 780 373 859 θηρία
403 783 541 843 dicantur
562 777 655 858 δίκη,
686 802 741 860 per
761 781 952 859 periphrasin
976 782 1070 858 θῆρες
1092 772 1247 858 ίφθογγοι

166 885 217 945 hic
239 885 379 945 dicuntur
401 879 544 963 τ’ίφθογγα
567 876 643 960 δίκη
666 885 780 962 θηρῶν.
817 886 972 943 Postremo
996 886 1045 946 Pr.
1063 890 1096 942 6:
1120 874 1246 958 ὀχμάσαι

169 980 395 1065 ,ἀδαμαντίνων
411 987 525 1064 δεσμῶν
542 984 573 1046 ἐν
589 979 748 1065 α’ρρηκτοῖς
768 982 873 1054 πέδαις
895 1007 933 1047 ex
956 987 994 1045 iis
1017 1005 1092 1065 quae
1116 985 1245 1044 diximus

166 1090 295 1149 dilucide
324 1091 506 1167 perspicitur
535 1111 656 1174 prorsus
688 1109 789 1149 errare
817 1089 1052 1160 Weckleinium,
1083 1089 1133 1166 qui
1158 1084 1246 1146 πέδαι

165 1212 239 1254 voce
262 1193 347 1271 quasi
379 1193 517 1253 effectum
540 1191 700 1266 colligandi
723 1200 813 1272 atquc
839 1191 963 1250 tenendi
990 1192 1117 1251 indicari
1141 1190 1245 1250 existi·

165 1300 233 1355 met.
270 1290 358 1353 πέδαι
381 1295 469 1368 enim,
494 1314 554 1374 qno
577 1295 659 1353 nulle
682 1296 770 1354 modo
793 1295 920 1354 actionis
945 1295 1083 1353 effectum
1106 1293 1242 1352 denotari

166 1418 252 1474 pesse
273 1397 373 1477 quiris
396 1399 547 1470 concedet,
569 1397 653 1457 notio
675 1397 855 1457 universalis
879 1403 925 1455 est
945 1398 1044 1456 iocum
1065 1403 1173 1456 tenens
1195 1416 1243 1454 su·

164 1500 329 1577 perierem,
360 1519 436 1580 quae
458 1502 599 1575 genetivo
622 1499 792 1578 appositive
815 1498 932 1575 δεσμῶν
954 1498 1122 1560 accuratius
1146 1500 1243 1558 deter-

163 1603 305 1663 minetur.

250 1705 278 1782 o)
299 1705 358 1764 Sed
379 1706 501 1765 tertium
525 1707 673 1786 quiddam,
698 1726 755 1785 que
775 1712 872 1783 poeta,
895 1707 967 1768 novi
990 1707 1109 1781 generis
1131 1706 1241 1766 cretio·

162 1808 210 1865 nis
232 1813 338 1867 auctor
359 1828 452 1886 prope
475 1809 572 1868 dicam
595 1814 625 1867 et
647 1809 796 1880 conditer,
825 1828 842 1867 a
864 1809 954 1868 solita
976 1810 1093 1868 dicendi
1116 1828 1242 1887 usurpa·

161 1911 244 1970 tione
263 1912 398 1984 discedit,
420 1913 453 1969 in
469 1932 504 1970 eo
521 1912 651 1988 positum
674 1918 720 1971 est
742 1909 821 1992 quod
844 1912 1017 1986 genetivum
1039 1912 1241 1990 appositivum

161 2015 198 2072 ad
219 2013 366 2087 imagines
389 2015 513 2073 adhibet
535 2021 566 2072 et
588 2013 810 2073 translationes.
843 2016 915 2092 ipsa
937 2015 1017 2073 enim
1036 2034 1072 2074 ee
1086 2034 1143 2087 res,
1168 2034 1240 2094 qua·

161 2134 227 2175 eum
258 2116 317 2174 alia
344 2123 547 2193 comparatur,
578 2117 794 2196 quodammode
818 2117 966 2191 generalis
995 2123 1040 2176 est
1062 2116 1161 2190 notio,
1191 2118 1239 2176 cui

159 2237 207 2276 res
229 2219 394 2296 composita
416 2220 526 2299 quippe
550 2238 625 2297 quse
647 2218 799 2292 singulare
815 2219 928 2299 aliquid
944 2220 1075 2291 denotet,
1098 2221 1239 2295 genetivo

159 2320 248 2379 debet
269 2321 395 2380 attribui
417 2321 595 2400 appositive.
629 2322 801 2399 cujusmodi
825 2327 909 2381 suut:
932 2326 988 2397 Ag.
1006 2328 1082 2383 205:
1105 2317 1240 2400 ἀνάγκας

157 2418 210 2480 tte
232 2419 378 2482 λέπαδνον
390 2425 418 2502 l)
440 2458 482 2468 -
505 2424 666 2484 necessitas
687 2427 791 2500 jugum
814 2426 960 2506 estquod
984 2429 1238 2500 Agamemnonem

157 2525 258 2585 subire
289 2527 378 2601 fingit
406 2526 543 2604 pectet).
590 2527 676 2591 Quod
706 2548 778 2589 vero
808 2529 917 2586 Aesch.
950 2528 1024 2587 dicit
1054 2529 1135 2587 Pers.
1160 2533 1237 2588 5922

156 2621 250 2702 ίλιίθη
265 2621 354 2706 ζυγδν
370 2620 463 2698 diade
484 2630 514 2686 id
538 2629 574 2688 de
596 2630 723 2706 imperio
744 2633 849 2708 jugum
871 2630 1046 2708 imponente
1068 2631 1169 2709 potius
1190 2631 1236 2689 in·

158 2729 354 2804 telligendum
376 2736 431 2789 est.

240 2834 301 2892 Sub
321 2832 467 2911 judicium
489 2838 553 2892 tum
575 2842 722 2895 vocentur
743 2836 951 2913 metaphorae:
974 2833 1110 2904 δουλείας
1127 2827 1234 2913 γάγγα-

155 2954 212 3010 μον
240 2939 295 3010 Ag.
320 2940 391 2994 384.
436 2931 477 3004 εἰς
504 2929 673 3015 ἀπέραντον
703 2936 861 2998 δίκτυον
891 2931 963 3016 δίνης
993 2930 1235 3013 ἐμπλεχθήσεσθε

224 3154 248 3219 1)
266 3157 307 3203 Ρι.
329 3158 392 3206 108:
416 3150 540 3222 ἀνάγκαις
565 3153 648 3210 ταῖσδ’
667 3155 821 3222 ἐνέζευγμαι.
858 3159 892 3206 ib.
911 3161 975 3208 576:
1000 3150 1085 3211 ταῖσδ’
1103 3155 1234 3218 ἐνέζευξας

152 3269 185 3277 -
211 3237 237 3292 ἐν
261 3237 429 3304 πημοσύναις.
465 3242 510 3289 Ch.
531 3245 593 3291 775:
621 3237 716 3307 ζυγέντ’
742 3240 766 3294 ἐν
790 3235 886 3308 ἅρματι
909 3241 1041 3308 πημάτων.
1077 3246 1136 3292 Ευι.
1155 3246 1231 3306 Hipp.

152 3332 232 3378 1389:
251 3327 315 3384 σίαις
328 3332 470 3392 συμφοραῖς
490 3327 636 3394 συνεζύγης.
668 3330 710 3377 Or.
726 3333 806 3380 1330:
824 3325 976 3395 ἀνάγκης
994 3328 1020 3389 ἐς
1040 3323 1136 3393 ζυγὸν
1155 3328 1232 3381 καδέ-

152 3427 255 3476 σταμεν.
292 3414 368 3475 Soph.
386 3415 426 3461 ni.
446 3417 509 3462 944:
528 3413 644 3473 δουλείας
663 3408 734 3480 ζυγά.

220 3503 246 3559 7)
263 3501 326 3547 Voci
346 3497 419 3564 ζυγίν
438 3502 588 3562 adJcotirum
605 3504 723 3550 accedere
740 3505 849 3563 genetivi
866 3504 1001 3566 appositivi
1018 3505 1092 3564 plane
1104 3503 1159 3550 viee
1177 3504 1231 3550 iun·

102 3648 104 3651 ι
148 3598 210 3645 gens
229 3586 263 3648 (v.
282 3600 306 3645 p.
322 3589 353 3634 19
372 3599 440 3646 sqq.,
465 3601 485 3634 s.
506 3601 577 3647 capp.
590 3588 630 3634 III
647 3593 672 3635 et
689 3589 724 3635 IV
743 3590 759 3635 l.
775 3586 807 3651 c.)
826 3591 956 3638 occasione
973 3590 1058 3637 oblate
1082 3590 1163 3636 facere
1180 3603 1230 3637 nen

148 3685 249 3733 possum
274 3671 334 3730 quin
358 3685 547 3719 commemorem
573 3675 671 3735 ζυγοῖσι
696 3671 831 3725 δουλείοισι
857 3674 924 3736 Sept
944 3678 984 3725 76.
1030 3671 1127 3726 δούλιον
1155 3669 1230 3739 ζυγόν

148 3757 216 3805 Pers.
237 3759 277 3814 52,
303 3756 369 3816 Sept.
389 3760 447 3816 454,
467 3761 525 3806 776.
561 3760 686 3818 Aeoli,
707 3761 780 3808 1180.
817 3761 902 3809 Facile
919 3761 995 3821 igitur
1010 3762 1064 3821 jam
1082 3759 1229 3821 perspicitur

148 3856 269 3903 quaenam
286 3843 325 3889 vis
350 3841 383 3888 sit
400 3842 512 3903 subJecta
530 3843 646 3902 epithetis
670 3844 809 3892 istiusmodi
828 3852 852 3893 et
874 3847 940 3907 apud
958 3847 1107 3893 Homerum:
1132 3841 1229 3896 δσιίλισν

147 3915 228 3990 ἦμαρ.
264 3929 294 3974 11.
313 3929 359 3984 xl,
379 3932 439 3988 aes,
466 3927 514 3975 oe.
533 3929 616 3986 xv11,
635 3931 701 3987 ens,
727 3936 751 3977 α
775 3933 842 3991 apua
866 3933 1017 3992 Aeschylum
1042 3925 1141 3987 estse<
1166 3924 1228 3981 otoo

147 4010 191 4058 ch.
214 4015 259 4061 10:
276 4010 393 4075 νόστιμον
411 4009 477 4077 φάος
495 4015 564 4063 Pers.
584 4017 642 4064 260.
672 4011 790 4079 νόστιμος
809 4015 925 4080 σωτηρία
942 4018 1011 4065 Pers.
1032 4018 1090 4073 788,
1108 4018 1155 4076 Ag.
1168 4018 1226 4073 330,

148 4101 222 4147 1192.
258 4101 375 4161 κρηναῖον
399 4093 474 4161 γιίνος
497 4100 566 4148 Pers.
586 4102 644 4148 481.
679 4091 777 4165 ’Ἅιδης
801 4095 902 4159 πόντιος
924 4105 972 4163 Ag.
990 4103 1048 4161 646,
1075 4101 1142 4162 Sept.
1161 4104 1224 4152 875:

145 4180 274 4250 διγίφρων
292 4179 390 4249 πότμος
406 4186 422 4235 i.
437 4201 458 4234 e.
478 4182 664 4253 διχοφροσύνης
682 4181 786 4254 πότμος.
822 4187 891 4238 Pers.
912 4191 975 4239 102:
993 4183 1091 4241 πόντιον
1109 4177 1195 4246 ἄλσος.
