2850 4590
410 984 632 1058 Sententiae
658 991 940 1061 controversae.

172 1276 201 1356 1)
222 1276 414 1355 Disoiplinas,
439 1297 515 1357 quae
530 1281 690 1338 vertuntur
711 1277 744 1336 in
760 1282 885 1338 naturae
906 1277 1143 1353 investigatione
1159 1302 1225 1343 em·

225 1381 327 1457 pirioa,
350 1399 507 1459 perperam
529 1400 610 1441 nuno
633 1386 768 1440 statuunt
792 1399 893 1441 oarere
913 1401 1000 1459 poaoo
1015 1381 1225 1462 philosophia.

169 1483 201 1561 2)
222 1485 291 1543 Non
314 1488 414 1563 potest
435 1503 501 1543 oum
524 1485 624 1544 fructu
647 1484 770 1543 tractari
792 1482 920 1544 historia
934 1483 1145 1562 philosophiae
1161 1488 1223 1547 nisi

224 1588 313 1647 nnius
333 1587 439 1667 ntique
461 1586 636 1667 philosophi
664 1588 782 1648 ratione
806 1587 926 1662 cognita
947 1587 1129 1668 penitusque
1152 1610 1223 1668 per-

225 1695 320 1768 oepta.

168 1792 200 1870 3)
222 1795 331 1854 Aesoh.
353 1793 455 1872 Suppl.
480 1798 549 1852 501
576 1791 750 1872 recipienda
773 1798 819 1854 eat
840 1792 1020 1855 Weolrleinii
1045 1796 1224 1872 oonJeotura

225 1917 318 1955 noto.

168 2000 200 2079 4)
222 2001 314 2059 Thno.
329 2001 355 2074 Ι,
378 2005 427 2074 93,
453 2004 470 2058 5
493 2001 586 2061 rerba
609 2043 663 2058 ...
686 1995 736 2058 καλ
761 1992 814 2077 τὴν
837 1990 931 2080 ἀρχὴν
946 1991 1043 2068 abhoc
1062 1996 1223 2079 ξυγκατεσ-

223 2095 342 2175 uelata
366 2144 491 2161 ......
515 2099 570 2162 δύο
593 2094 650 2182 yoip
681 2095 792 2178 ἅμαξαι
822 2099 951 2162 ἐναντίαι
981 2095 1119 2179 ἀλλήλαις
1148 2097 1223 2174 τούς

224 2204 332 2275 λίθους
354 2201 466 2285 ἐπῆγον
496 2208 534 2267 ab
555 2205 772 2285 interpretibus
795 2227 855 2266 non
877 2212 959 2266 reate
982 2204 1132 2284 explioata
1154 2226 1222 2267 esse

225 2328 341 2368 censeo.

170 2410 200 2488 5)
223 2412 297 2472 Hor.
312 2413 368 2490 Ep.
384 2411 410 2484 Ι,
428 2410 455 2485 7,
471 2417 511 2470 29
534 2411 694 2472 lectionem
715 2411 912 2491 ,‚vulpoaula“
928 2417 1033 2473 eontra
1048 2410 1222 2472 Bentleinm

226 2515 361 2574 defendo.

169 2616 200 2694 6)
223 2618 298 2680 Hor.
320 2621 376 2696 Ep.
392 2620 417 2692 I,
445 2623 493 2691 18,
515 2621 554 2677 91
586 2619 680 2679 rerba
709 2617 826 2691 „bibuli
855 2617 953 2677 media
981 2617 1018 2676 de
1048 2621 1137 2677 noeto
1160 2618 1220 2678 Fa·

224 2721 302 2780 lerni
321 2717 326 2802 l
347 2722 502 2781 Oderunt“
524 2741 586 2780 non
609 2725 679 2780 sunt
702 2721 836 2781 delenda.

471 4078 542 4125 lenae,
558 4078 609 4126 typis
624 4077 750 4118 Frommauui
764 4076 797 4127 (H.
811 4074 888 4127 Poble).
