<?xml version="1.0" encoding="UTF-8"?>
<!DOCTYPE html PUBLIC "-//W3C//DTD XHTML 1.0 Transitional//EN"
    "http://www.w3.org/TR/xhtml1/DTD/xhtml1-transitional.dtd">
<html xmlns="http://www.w3.org/1999/xhtml" xml:lang="en" lang="en">
 <head>
  <title>
</title>
<meta http-equiv="Content-Type" content="text/html;charset=utf-8" />
  <meta name='ocr-system' content='tesseract 3.04.00' />
  <meta name='ocr-capabilities' content='ocr_page ocr_carea ocr_par ocr_line ocrx_word'/>
</head>
<body>
  <div class='ocr_page' id='page_1' title='image "./degenuiniquemvo00schegoog_0132.png"; bbox 0 0 2850 4590; ppageno 0'>
   <div class='ocr_carea' id='block_1_1' title="bbox 597 359 832 426">
    <p class='ocr_par' dir='ltr' id='par_1_1' title="bbox 597 359 832 426">
     <span class='ocr_line' id='line_1_1' title="bbox 597 359 832 426; baseline 0.013 -2"><span class='ocrx_word' id='word_1_1' title='bbox 597 359 832 426; x_wconf 82' lang='lat'>-123—</span> 
     </span>
    </p>
   </div>
   <div class='ocr_carea' id='block_1_2' title="bbox 64 508 1254 1111">
    <p class='ocr_par' dir='ltr' id='par_1_2' title="bbox 64 508 1254 801">
     <span class='ocr_line' id='line_1_2' title="bbox 256 508 1254 596; baseline 0.002 -22"><span class='ocrx_word' id='word_1_2' title='bbox 256 508 427 592; x_wconf 82' lang='grc' dir='ltr'><strong><em>άπτομαι</em></strong></span> <span class='ocrx_word' id='word_1_3' title='bbox 450 518 535 596; x_wconf 90' lang='lat' dir='ltr'><strong>(Lob.</strong></span> <span class='ocrx_word' id='word_1_4' title='bbox 558 517 596 576; x_wconf 92' lang='lat' dir='ltr'><strong>ad</strong></span> <span class='ocrx_word' id='word_1_5' title='bbox 619 517 668 577; x_wconf 86' lang='grc' dir='ltr'><strong>Αἱ.</strong></span> <span class='ocrx_word' id='word_1_6' title='bbox 688 517 763 596; x_wconf 83' lang='grc'>698)</span> <span class='ocrx_word' id='word_1_7' title='bbox 786 537 855 578; x_wconf 90' lang='lat' dir='ltr'><strong>cum</strong></span> <span class='ocrx_word' id='word_1_8' title='bbox 876 519 1018 594; x_wconf 81' lang='lat' dir='ltr'><strong>genetivo</strong></span> <span class='ocrx_word' id='word_1_9' title='bbox 1041 517 1200 592; x_wconf 83' lang='lat' dir='ltr'><strong>colligatur</strong></span> <span class='ocrx_word' id='word_1_10' title='bbox 1223 519 1254 576; x_wconf 90' lang='lat' dir='ltr'><strong>et</strong></span> 
     </span>
     <span class='ocr_line' id='line_1_3' title="bbox 172 611 1253 698; baseline 0 -20"><span class='ocrx_word' id='word_1_11' title='bbox 172 620 295 696; x_wconf 86' lang='lat' dir='ltr'><strong>propria</strong></span> <span class='ocrx_word' id='word_1_12' title='bbox 329 618 549 693; x_wconf 83' lang='lat' dir='ltr'><strong>significatione</strong></span> <span class='ocrx_word' id='word_1_13' title='bbox 577 622 634 695; x_wconf 83' lang='lat' dir='ltr'><strong>Ag.</strong></span> <span class='ocrx_word' id='word_1_14' title='bbox 661 619 757 680; x_wconf 77' lang='lat'>1579:</span> <span class='ocrx_word' id='word_1_15' title='bbox 790 618 878 679; x_wconf 75' lang='grc' dir='ltr'><strong><em>τοῦδε</em></strong></span> <span class='ocrx_word' id='word_1_16' title='bbox 906 611 1033 698; x_wconf 78' lang='grc' dir='ltr'><strong><em>τάνδρός</em></strong></span> <span class='ocrx_word' id='word_1_17' title='bbox 1060 611 1191 696; x_wconf 77' lang='grc' dir='ltr'><em>ἡψάμην</em></span> <span class='ocrx_word' id='word_1_18' title='bbox 1223 624 1253 678; x_wconf 95' lang='lat' dir='ltr'><strong>et</strong></span> 
     </span>
     <span class='ocr_line' id='line_1_4' title="bbox 64 712 1113 801; baseline 0 -21"><span class='ocrx_word' id='word_1_19' title='bbox 64 783 66 789; x_wconf 62' lang='grc'>,</span> <span class='ocrx_word' id='word_1_20' title='bbox 172 720 319 781; x_wconf 85' lang='lat' dir='ltr'><strong>translata</strong></span> <span class='ocrx_word' id='word_1_21' title='bbox 339 722 397 796; x_wconf 81' lang='lat' dir='ltr'><strong>fug.</strong></span> <span class='ocrx_word' id='word_1_22' title='bbox 421 725 492 794; x_wconf 76' lang='lat'>244,</span> <span class='ocrx_word' id='word_1_23' title='bbox 517 729 551 782; x_wconf 86' lang='lat'><strong>3:</strong></span> <span class='ocrx_word' id='word_1_24' title='bbox 574 712 662 800; x_wconf 79' lang='grc' dir='ltr'><strong><em>άλγος</em></strong></span> <span class='ocrx_word' id='word_1_25' title='bbox 684 713 711 781; x_wconf 84' lang='lat' dir='ltr'><strong>d’</strong></span> <span class='ocrx_word' id='word_1_26' title='bbox 733 715 825 781; x_wconf 74' lang='grc' dir='ltr'><strong><em>οὐδὲν</em></strong></span> <span class='ocrx_word' id='word_1_27' title='bbox 846 715 968 781; x_wconf 83' lang='grc' dir='ltr'><strong><em>άπτιται</em></strong></span> <span class='ocrx_word' id='word_1_28' title='bbox 991 725 1113 801; x_wconf 78' lang='grc' dir='ltr'><strong><em>νεκρῶν.</em></strong></span> 
     </span>
    </p>

    <p class='ocr_par' dir='ltr' id='par_1_3' title="bbox 256 823 634 904">
     <span class='ocr_line' id='line_1_5' title="bbox 256 823 634 904; baseline 0.003 -21"><span class='ocrx_word' id='word_1_29' title='bbox 256 823 428 903; x_wconf 75' lang='lat' dir='ltr'><strong>Composita</strong></span> <span class='ocrx_word' id='word_1_30' title='bbox 449 829 634 904; x_wconf 78' lang='lat' dir='ltr'><strong>usurpantur</strong></span> 
     </span>
    </p>

    <p class='ocr_par' dir='ltr' id='par_1_4' title="bbox 170 919 1251 1111">
     <span class='ocr_line' id='line_1_6' title="bbox 257 919 1251 1007; baseline 0.004 -22"><span class='ocrx_word' id='word_1_31' title='bbox 257 919 497 1003; x_wconf 72' lang='grc' dir='ltr'><strong><em>ἐφάπτομαι,</em></strong></span> <span class='ocrx_word' id='word_1_32' title='bbox 529 928 608 1007; x_wconf 90' lang='lat' dir='ltr'><strong>quod</strong></span> <span class='ocrx_word' id='word_1_33' title='bbox 630 927 836 1004; x_wconf 83' lang='lat' dir='ltr'><strong>metaphorice</strong></span> <span class='ocrx_word' id='word_1_34' title='bbox 862 927 1002 1004; x_wconf 80' lang='lat' dir='ltr'><strong>jungitur</strong></span> <span class='ocrx_word' id='word_1_35' title='bbox 1023 947 1090 987; x_wconf 89' lang='lat' dir='ltr'><strong>cum</strong></span> <span class='ocrx_word' id='word_1_36' title='bbox 1112 928 1251 1002; x_wconf 85' lang='lat' dir='ltr'><strong>genetivo</strong></span> 
     </span>
     <span class='ocr_line' id='line_1_7' title="bbox 170 1022 920 1111; baseline 0.001 -23"><span class='ocrx_word' id='word_1_37' title='bbox 170 1028 274 1107; x_wconf 79' lang='lat' dir='ltr'><strong>Suppl.</strong></span> <span class='ocrx_word' id='word_1_38' title='bbox 298 1029 376 1091; x_wconf 79' lang='lat'><strong>397:</strong></span> <span class='ocrx_word' id='word_1_39' title='bbox 399 1029 501 1111; x_wconf 58' lang='grc' dir='ltr'><strong>σῆρα</strong></span> <span class='ocrx_word' id='word_1_40' title='bbox 523 1028 635 1110; x_wconf 74' lang='grc' dir='ltr'><strong><em>ῥυσίων</em></strong></span> <span class='ocrx_word' id='word_1_41' title='bbox 658 1022 817 1104; x_wconf 77' lang='grc' dir='ltr'><strong><em>ἐφάψεται.</em></strong></span> <span class='ocrx_word' id='word_1_42' title='bbox 899 1049 920 1060; x_wconf 74' lang='grc'><strong><em>·</em></strong></span> 
     </span>
    </p>
   </div>
   <div class='ocr_carea' id='block_1_3' title="bbox 81 1123 1328 4198">
    <p class='ocr_par' dir='ltr' id='par_1_5' title="bbox 170 1123 1253 1930">
     <span class='ocr_line' id='line_1_8' title="bbox 257 1123 1253 1213; baseline 0.003 -24"><span class='ocrx_word' id='word_1_43' title='bbox 257 1123 511 1208; x_wconf 89' lang='grc' dir='ltr'><strong><em>συνάπτομαι.</em></strong></span> <span class='ocrx_word' id='word_1_44' title='bbox 546 1132 704 1193; x_wconf 76' lang='lat' dir='ltr'><strong>Translate</strong></span> <span class='ocrx_word' id='word_1_45' title='bbox 727 1150 816 1191; x_wconf 89' lang='lat' dir='ltr'><strong>sensu</strong></span> <span class='ocrx_word' id='word_1_46' title='bbox 837 1131 954 1210; x_wconf 88' lang='lat' dir='ltr'><strong>pariter</strong></span> <span class='ocrx_word' id='word_1_47' title='bbox 974 1139 1065 1213; x_wconf 91' lang='lat' dir='ltr'><strong>atque</strong></span> <span class='ocrx_word' id='word_1_48' title='bbox 1081 1125 1253 1208; x_wconf 75' lang='grc' dir='ltr'><strong><em>ἐφάπτομαι</em></strong></span> 
     </span>
     <span class='ocr_line' id='line_1_9' title="bbox 171 1227 1253 1313; baseline 0.002 -21"><span class='ocrx_word' id='word_1_49' title='bbox 171 1233 345 1308; x_wconf 76' lang='lat' dir='ltr'><strong>genetivum</strong></span> <span class='ocrx_word' id='word_1_50' title='bbox 368 1235 425 1296; x_wconf 89' lang='lat' dir='ltr'><strong>sibi</strong></span> <span class='ocrx_word' id='word_1_51' title='bbox 447 1236 587 1313; x_wconf 85' lang='lat' dir='ltr'><strong>adjungit</strong></span> <span class='ocrx_word' id='word_1_52' title='bbox 608 1236 690 1295; x_wconf 88' lang='lat' dir='ltr'><strong>Pers.</strong></span> <span class='ocrx_word' id='word_1_53' title='bbox 708 1235 787 1296; x_wconf 80' lang='lat'>715:</span> <span class='ocrx_word' id='word_1_54' title='bbox 810 1227 930 1313; x_wconf 74' lang='grc' dir='ltr'><strong><em>γνώμης</em></strong></span> <span class='ocrx_word' id='word_1_55' title='bbox 952 1231 985 1294; x_wconf 78' lang='grc' dir='ltr'><strong>δέ</strong></span> <span class='ocrx_word' id='word_1_56' title='bbox 1006 1228 1066 1294; x_wconf 82' lang='grc' dir='ltr'><strong>πού</strong></span> <span class='ocrx_word' id='word_1_57' title='bbox 1083 1257 1127 1305; x_wconf 85' lang='grc' dir='ltr'><strong>τις</strong></span> <span class='ocrx_word' id='word_1_58' title='bbox 1148 1228 1253 1312; x_wconf 78' lang='grc' dir='ltr'><strong><em>δαιμό-</em></strong></span> 
     </span>
     <span class='ocr_line' id='line_1_10' title="bbox 172 1329 1250 1419; baseline 0.005 -26"><span class='ocrx_word' id='word_1_59' title='bbox 172 1355 231 1395; x_wconf 90' lang='grc' dir='ltr'><strong>νων</strong></span> <span class='ocrx_word' id='word_1_60' title='bbox 253 1330 417 1414; x_wconf 78' lang='grc' dir='ltr'><strong><em>ξυνήψατο.</em></strong></span> <span class='ocrx_word' id='word_1_61' title='bbox 461 1339 637 1400; x_wconf 72' lang='lat' dir='ltr'><strong>Scholia:</strong></span> <span class='ocrx_word' id='word_1_62' title='bbox 660 1331 844 1416; x_wconf 76' lang='grc' dir='ltr'><strong><em>συνήργησεν</em></strong></span> <span class='ocrx_word' id='word_1_63' title='bbox 866 1329 947 1419; x_wconf 72' lang='grc' dir='ltr'><strong><em>αὐτῷ</em></strong></span> <span class='ocrx_word' id='word_1_64' title='bbox 970 1336 1086 1413; x_wconf 77' lang='grc' dir='ltr'><strong><em>δαίμων</em></strong></span> <span class='ocrx_word' id='word_1_65' title='bbox 1108 1358 1161 1407; x_wconf 86' lang='grc' dir='ltr'><strong><em>τις.</em></strong></span> <span class='ocrx_word' id='word_1_66' title='bbox 1201 1340 1250 1415; x_wconf 87' lang='lat' dir='ltr'><strong>(cf.</strong></span> 
     </span>
     <span class='ocr_line' id='line_1_11' title="bbox 171 1438 1252 1519; baseline 0.004 -22"><span class='ocrx_word' id='word_1_67' title='bbox 171 1438 278 1500; x_wconf 83' lang='lat' dir='ltr'><strong>Blomf.</strong></span> <span class='ocrx_word' id='word_1_68' title='bbox 310 1439 412 1519; x_wconf 81' lang='lat' dir='ltr'><strong>gloss.)</strong></span> <span class='ocrx_word' id='word_1_69' title='bbox 465 1441 537 1501; x_wconf 86' lang='lat' dir='ltr'><strong>Sine</strong></span> <span class='ocrx_word' id='word_1_70' title='bbox 568 1441 709 1516; x_wconf 81' lang='lat' dir='ltr'><strong>genetivo</strong></span> <span class='ocrx_word' id='word_1_71' title='bbox 744 1440 855 1500; x_wconf 91' lang='lat' dir='ltr'><strong>dictum</strong></span> <span class='ocrx_word' id='word_1_72' title='bbox 890 1441 1041 1515; x_wconf 82' lang='lat' dir='ltr'><strong>significat</strong></span> <span class='ocrx_word' id='word_1_73' title='bbox 1071 1441 1252 1517; x_wconf 85' lang='lat' dir='ltr'><strong>‚,adjuvare“</strong></span> 
     </span>
     <span class='ocr_line' id='line_1_12' title="bbox 171 1533 1252 1623; baseline 0.004 -23"><span class='ocrx_word' id='word_1_74' title='bbox 171 1542 254 1603; x_wconf 86' lang='lat' dir='ltr'><strong>Pers.</strong></span> <span class='ocrx_word' id='word_1_75' title='bbox 279 1542 357 1602; x_wconf 77' lang='lat'>733:</span> <span class='ocrx_word' id='word_1_76' title='bbox 388 1533 407 1600; x_wconf 82' lang='lat' dir='ltr'><strong>o‘</strong></span> <span class='ocrx_word' id='word_1_77' title='bbox 427 1535 501 1612; x_wconf 82' lang='grc' dir='ltr'><strong><em>θεάς</em></strong></span> <span class='ocrx_word' id='word_1_78' title='bbox 523 1536 710 1616; x_wconf 84' lang='grc' dir='ltr'><strong><em>συνάπτεται,</em></strong></span> <span class='ocrx_word' id='word_1_79' title='bbox 743 1543 821 1623; x_wconf 89' lang='lat' dir='ltr'><strong>quod</strong></span> <span class='ocrx_word' id='word_1_80' title='bbox 844 1543 971 1621; x_wconf 81' lang='lat' dir='ltr'>exponit</span> <span class='ocrx_word' id='word_1_81' title='bbox 992 1542 1173 1603; x_wconf 82' lang='lat' dir='ltr'><strong>Scholiastes</strong></span> <span class='ocrx_word' id='word_1_82' title='bbox 1196 1545 1252 1605; x_wconf 87' lang='lat' dir='ltr'><strong>M.:</strong></span> 
     </span>
     <span class='ocr_line' id='line_1_13' title="bbox 170 1634 1252 1724; baseline 0.002 -21"><span class='ocrx_word' id='word_1_83' title='bbox 170 1634 277 1714; x_wconf 77' lang='grc' dir='ltr'><strong><em>άθιάς</em></strong></span> <span class='ocrx_word' id='word_1_84' title='bbox 290 1637 586 1722; x_wconf 74' lang='grc' dir='ltr'><strong><em>συνεπιλαμβάνεται.</em></strong></span> <span class='ocrx_word' id='word_1_85' title='bbox 624 1645 747 1724; x_wconf 78' lang='lat' dir='ltr'><strong>(Actiuo</strong></span> <span class='ocrx_word' id='word_1_86' title='bbox 769 1637 931 1705; x_wconf 73' lang='grc' dir='ltr'><strong><em>συνάπτειν</em></strong></span> <span class='ocrx_word' id='word_1_87' title='bbox 952 1646 1145 1720; x_wconf 85' lang='lat' dir='ltr'><strong>„contiguum</strong></span> <span class='ocrx_word' id='word_1_88' title='bbox 1168 1648 1252 1705; x_wconf 87' lang='lat' dir='ltr'><strong>esse“</strong></span> 
     </span>
     <span class='ocr_line' id='line_1_14' title="bbox 171 1739 1253 1830; baseline 0 -23"><span class='ocrx_word' id='word_1_89' title='bbox 171 1747 341 1808; x_wconf 83' lang='lat' dir='ltr'><strong>adnectitur</strong></span> <span class='ocrx_word' id='word_1_90' title='bbox 363 1747 483 1809; x_wconf 71' lang='lat' dir='ltr'><strong>dativus</strong></span> <span class='ocrx_word' id='word_1_91' title='bbox 506 1748 589 1809; x_wconf 85' lang='lat' dir='ltr'><strong>Pers.</strong></span> <span class='ocrx_word' id='word_1_92' title='bbox 614 1748 691 1810; x_wconf 79' lang='lat'>⁸71:</span> <span class='ocrx_word' id='word_1_93' title='bbox 729 1739 816 1830; x_wconf 78' lang='grc' dir='ltr'><strong><em>Τήνῳ</em></strong></span> <span class='ocrx_word' id='word_1_94' title='bbox 843 1768 873 1807; x_wconf 85' lang='grc' dir='ltr'><strong>τε</strong></span> <span class='ocrx_word' id='word_1_95' title='bbox 901 1740 1081 1808; x_wconf 85' lang='grc' dir='ltr'><strong><em>συνάπτουσ’</em></strong></span> <span class='ocrx_word' id='word_1_96' title='bbox 1100 1744 1105 1830; x_wconf 86' lang='grc' dir='ltr'>Ι</span> <span class='ocrx_word' id='word_1_97' title='bbox 1123 1741 1253 1826; x_wconf 78' lang='grc' dir='ltr'><strong><em>’Ἀνδρος</em></strong></span> 
     </span>
     <span class='ocr_line' id='line_1_15' title="bbox 173 1843 365 1930; baseline -0.01 -20"><span class='ocrx_word' id='word_1_98' title='bbox 173 1843 365 1930; x_wconf 69' lang='grc' dir='ltr'><strong><em>ἀγχιγείτων.)</em></strong></span> 
     </span>
    </p>

    <p class='ocr_par' dir='ltr' id='par_1_6' title="bbox 256 1945 1251 2032">
     <span class='ocr_line' id='line_1_16' title="bbox 256 1945 1251 2032; baseline -0.003 -20"><span class='ocrx_word' id='word_1_99' title='bbox 256 1948 389 2030; x_wconf 75' lang='grc' dir='ltr'><strong><em>ἔχομαι</em></strong></span> <span class='ocrx_word' id='word_1_100' title='bbox 411 1953 611 2031; x_wconf 86' lang='lat' dir='ltr'><strong>„amplector“</strong></span> <span class='ocrx_word' id='word_1_101' title='bbox 634 1953 714 2030; x_wconf 82' lang='lat' dir='ltr'><strong>Sept.</strong></span> <span class='ocrx_word' id='word_1_102' title='bbox 737 1957 794 2012; x_wconf 88' lang='lat'><strong>96:</strong></span> <span class='ocrx_word' id='word_1_103' title='bbox 826 1945 950 2028; x_wconf 81' lang='grc' dir='ltr'><strong><em>άιιμάζει</em></strong></span> <span class='ocrx_word' id='word_1_104' title='bbox 972 1948 1098 2032; x_wconf 81' lang='grc' dir='ltr'><strong><em>βρετέων</em></strong></span> <span class='ocrx_word' id='word_1_105' title='bbox 1120 1948 1251 2030; x_wconf 69' lang='grc' dir='ltr'><strong><em>ἔχεσθαι.</em></strong></span> 
     </span>
    </p>

    <p class='ocr_par' dir='ltr' id='par_1_7' title="bbox 232 2036 1038 2134">
     <span class='ocr_line' id='line_1_17' title="bbox 232 2036 1038 2134; baseline 0.001 -19"><span class='ocrx_word' id='word_1_106' title='bbox 232 2036 234 2039; x_wconf 29' lang='grc'><strong>’</strong></span> <span class='ocrx_word' id='word_1_107' title='bbox 257 2055 352 2115; x_wconf 90' lang='lat' dir='ltr'><strong>Unico</strong></span> <span class='ocrx_word' id='word_1_108' title='bbox 374 2057 467 2118; x_wconf 82' lang='lat' dir='ltr'><strong>uerbo</strong></span> <span class='ocrx_word' id='word_1_109' title='bbox 490 2055 713 2133; x_wconf 89' lang='lat' dir='ltr'><strong>temptandi</strong></span> <span class='ocrx_word' id='word_1_110' title='bbox 737 2054 834 2115; x_wconf 88' lang='lat' dir='ltr'><strong>utitur</strong></span> <span class='ocrx_word' id='word_1_111' title='bbox 854 2055 1038 2134; x_wconf 77' lang='lat' dir='ltr'><strong>Aeschylus:</strong></span> 
     </span>
    </p>

    <p class='ocr_par' dir='ltr' id='par_1_8' title="bbox 168 2151 1253 3059">
     <span class='ocr_line' id='line_1_18' title="bbox 257 2151 1251 2238; baseline 0 -22"><span class='ocrx_word' id='word_1_112' title='bbox 257 2151 484 2236; x_wconf 79' lang='grc' dir='ltr'><strong><em>πιιράομαι,</em></strong></span> <span class='ocrx_word' id='word_1_113' title='bbox 510 2159 588 2238; x_wconf 90' lang='lat' dir='ltr'><strong>quod</strong></span> <span class='ocrx_word' id='word_1_114' title='bbox 612 2159 732 2237; x_wconf 90' lang='lat' dir='ltr'><strong>quidem</strong></span> <span class='ocrx_word' id='word_1_115' title='bbox 753 2158 834 2217; x_wconf 90' lang='lat' dir='ltr'><strong>haud</strong></span> <span class='ocrx_word' id='word_1_116' title='bbox 851 2158 1006 2218; x_wconf 79' lang='lat' dir='ltr'><strong>discedens</strong></span> <span class='ocrx_word' id='word_1_117' title='bbox 1028 2160 1065 2218; x_wconf 89' lang='lat' dir='ltr'><strong>ab</strong></span> <span class='ocrx_word' id='word_1_118' title='bbox 1081 2157 1251 2219; x_wconf 84' lang='lat' dir='ltr'><strong>Atticorum</strong></span> 
     </span>
     <span class='ocr_line' id='line_1_19' title="bbox 171 2260 1252 2342; baseline -0.001 -22"><span class='ocrx_word' id='word_1_119' title='bbox 171 2279 308 2321; x_wconf 86' lang='lat' dir='ltr'><strong>sermone</strong></span> <span class='ocrx_word' id='word_1_120' title='bbox 326 2261 429 2338; x_wconf 84' lang='lat' dir='ltr'><strong>jungit</strong></span> <span class='ocrx_word' id='word_1_121' title='bbox 451 2281 518 2322; x_wconf 91' lang='lat' dir='ltr'><strong>cum</strong></span> <span class='ocrx_word' id='word_1_122' title='bbox 533 2261 672 2337; x_wconf 81' lang='lat' dir='ltr'><strong>genetivo</strong></span> <span class='ocrx_word' id='word_1_123' title='bbox 692 2281 847 2341; x_wconf 83' lang='lat' dir='ltr'><strong>personae,</strong></span> <span class='ocrx_word' id='word_1_124' title='bbox 871 2280 948 2342; x_wconf 90' lang='lat' dir='ltr'><strong>quae</strong></span> <span class='ocrx_word' id='word_1_125' title='bbox 971 2260 1090 2342; x_wconf 91' lang='lat' dir='ltr'><strong>qualem</strong></span> <span class='ocrx_word' id='word_1_126' title='bbox 1112 2281 1143 2320; x_wconf 90' lang='lat' dir='ltr'><strong>se</strong></span> <span class='ocrx_word' id='word_1_127' title='bbox 1165 2281 1252 2338; x_wconf 89' lang='lat' dir='ltr'><strong>prae·</strong></span> 
     </span>
     <span class='ocr_line' id='line_1_20' title="bbox 170 2355 1250 2444; baseline 0 -22"><span class='ocrx_word' id='word_1_128' title='bbox 170 2365 249 2436; x_wconf 86' lang='lat' dir='ltr'><strong>beat,</strong></span> <span class='ocrx_word' id='word_1_129' title='bbox 273 2363 436 2443; x_wconf 88' lang='lat' dir='ltr'><strong>quaeritur.</strong></span> <span class='ocrx_word' id='word_1_130' title='bbox 470 2368 642 2438; x_wconf 79' lang='lat' dir='ltr'>Ag.1355:</span> <span class='ocrx_word' id='word_1_131' title='bbox 665 2360 813 2443; x_wconf 75' lang='grc' dir='ltr'><strong><em>πειρᾶσθέ</em></strong></span> <span class='ocrx_word' id='word_1_132' title='bbox 835 2385 893 2439; x_wconf 88' lang='grc' dir='ltr'><strong>μου</strong></span> <span class='ocrx_word' id='word_1_133' title='bbox 915 2357 1057 2444; x_wconf 72' lang='grc' dir='ltr'><strong><em>γυναικός</em></strong></span> <span class='ocrx_word' id='word_1_134' title='bbox 1078 2355 1120 2434; x_wconf 71' lang='grc' dir='ltr'><strong>οἷς</strong></span> <span class='ocrx_word' id='word_1_135' title='bbox 1135 2356 1250 2443; x_wconf 81' lang='grc' dir='ltr'><strong><em>οἷφμασ-</em></strong></span> 
     </span>
     <span class='ocr_line' id='line_1_21' title="bbox 171 2457 1253 2546; baseline 0.002 -22"><span class='ocrx_word' id='word_1_136' title='bbox 171 2457 279 2540; x_wconf 83' lang='grc' dir='ltr'><strong><em>μόνως.</em></strong></span> <span class='ocrx_word' id='word_1_137' title='bbox 332 2466 372 2526; x_wconf 90' lang='lat' dir='ltr'><strong>ib.</strong></span> <span class='ocrx_word' id='word_1_138' title='bbox 400 2471 497 2527; x_wconf 81' lang='lat'>1634:</span> <span class='ocrx_word' id='word_1_139' title='bbox 529 2464 672 2543; x_wconf 80' lang='grc' dir='ltr'><strong><em>δαίμονος</em></strong></span> <span class='ocrx_word' id='word_1_140' title='bbox 705 2463 920 2546; x_wconf 78' lang='grc' dir='ltr'><strong><em>πειρωμένους.</em></strong></span> <span class='ocrx_word' id='word_1_141' title='bbox 975 2468 1075 2546; x_wconf 77' lang='lat' dir='ltr'><strong>(Quod</strong></span> <span class='ocrx_word' id='word_1_142' title='bbox 1107 2468 1253 2528; x_wconf 79' lang='lat' dir='ltr'><strong>exhibent</strong></span> 
     </span>
     <span class='ocr_line' id='line_1_22' title="bbox 170 2566 1251 2650; baseline 0.004 -24"><span class='ocrx_word' id='word_1_143' title='bbox 170 2568 240 2628; x_wconf 85' lang='lat' dir='ltr'><strong>libri</strong></span> <span class='ocrx_word' id='word_1_144' title='bbox 257 2566 411 2645; x_wconf 78' lang='grc' dir='ltr'><strong><em>δαίμονας,</em></strong></span> <span class='ocrx_word' id='word_1_145' title='bbox 430 2570 668 2650; x_wconf 81' lang='lat' dir='ltr'><strong>Bernhardyum,</strong></span> <span class='ocrx_word' id='word_1_146' title='bbox 691 2576 726 2630; x_wconf 90' lang='lat' dir='ltr'><strong>ut</strong></span> <span class='ocrx_word' id='word_1_147' title='bbox 742 2590 808 2630; x_wconf 89' lang='lat' dir='ltr'><strong>cum</strong></span> <span class='ocrx_word' id='word_1_148' title='bbox 819 2572 990 2632; x_wconf 80' lang='lat' dir='ltr'><strong>accusativo</strong></span> <span class='ocrx_word' id='word_1_149' title='bbox 1007 2571 1148 2648; x_wconf 79' lang='lat' dir='ltr'><strong>conjungi</strong></span> <span class='ocrx_word' id='word_1_150' title='bbox 1164 2590 1251 2649; x_wconf 85' lang='lat' dir='ltr'><strong>posse</strong></span> 
     </span>
     <span class='ocr_line' id='line_1_23' title="bbox 168 2670 1253 2746; baseline 0 -15"><span class='ocrx_word' id='word_1_151' title='bbox 168 2671 245 2731; x_wconf 89' lang='lat' dir='ltr'><strong>illud</strong></span> <span class='ocrx_word' id='word_1_152' title='bbox 270 2672 396 2732; x_wconf 85' lang='lat' dir='ltr'><strong>verbum</strong></span> <span class='ocrx_word' id='word_1_153' title='bbox 426 2672 562 2746; x_wconf 84' lang='lat' dir='ltr'><strong>doceret,</strong></span> <span class='ocrx_word' id='word_1_154' title='bbox 593 2673 726 2734; x_wconf 81' lang='lat' dir='ltr'><strong>adduxit.</strong></span> <span class='ocrx_word' id='word_1_155' title='bbox 771 2673 838 2732; x_wconf 87' lang='lat' dir='ltr'><strong>Jam</strong></span> <span class='ocrx_word' id='word_1_156' title='bbox 860 2673 1038 2734; x_wconf 80' lang='lat' dir='ltr'><strong>Schuetzius</strong></span> <span class='ocrx_word' id='word_1_157' title='bbox 1068 2673 1162 2733; x_wconf 90' lang='lat' dir='ltr'><strong>edidit</strong></span> <span class='ocrx_word' id='word_1_158' title='bbox 1189 2670 1253 2732; x_wconf 79' lang='grc' dir='ltr'><strong><em>δαί-</em></strong></span> 
     </span>
     <span class='ocr_line' id='line_1_24' title="bbox 171 2774 1252 2855; baseline 0.002 -22"><span class='ocrx_word' id='word_1_159' title='bbox 171 2794 272 2851; x_wconf 85' lang='grc' dir='ltr'><strong><em>μονος,</em></strong></span> <span class='ocrx_word' id='word_1_160' title='bbox 295 2774 341 2833; x_wconf 90' lang='lat' dir='ltr'><strong>uti</strong></span> <span class='ocrx_word' id='word_1_161' title='bbox 362 2775 497 2835; x_wconf 83' lang='lat' dir='ltr'><strong>Stauleio</strong></span> <span class='ocrx_word' id='word_1_162' title='bbox 522 2794 640 2855; x_wconf 90' lang='lat' dir='ltr'><strong>quoque</strong></span> <span class='ocrx_word' id='word_1_163' title='bbox 662 2775 761 2837; x_wconf 83' lang='lat' dir='ltr'><strong>visum</strong></span> <span class='ocrx_word' id='word_1_164' title='bbox 784 2774 850 2853; x_wconf 86' lang='lat' dir='ltr'><strong>est.)</strong></span> <span class='ocrx_word' id='word_1_165' title='bbox 874 2811 916 2821; x_wconf 87' lang='lat'>-</span> <span class='ocrx_word' id='word_1_166' title='bbox 938 2777 991 2837; x_wconf 80' lang='lat' dir='ltr'><strong>ch.</strong></span> <span class='ocrx_word' id='word_1_167' title='bbox 1010 2781 1086 2837; x_wconf 83' lang='lat'><strong>500:</strong></span> <span class='ocrx_word' id='word_1_168' title='bbox 1109 2775 1252 2852; x_wconf 77' lang='grc' dir='ltr'><strong><em>δαίμονος</em></strong></span> 
     </span>
     <span class='ocr_line' id='line_1_25' title="bbox 170 2867 1249 2956; baseline 0.005 -21"><span class='ocrx_word' id='word_1_169' title='bbox 170 2867 362 2955; x_wconf 83' lang='grc' dir='ltr'><strong><em>πειράμενος.</em></strong></span> <span class='ocrx_word' id='word_1_170' title='bbox 407 2876 531 2954; x_wconf 79' lang='lat' dir='ltr'><strong>(Similis</strong></span> <span class='ocrx_word' id='word_1_171' title='bbox 554 2879 704 2939; x_wconf 90' lang='lat' dir='ltr'><strong>sententia</strong></span> <span class='ocrx_word' id='word_1_172' title='bbox 727 2885 772 2939; x_wconf 90' lang='lat' dir='ltr'><strong>est</strong></span> <span class='ocrx_word' id='word_1_173' title='bbox 795 2880 931 2956; x_wconf 85' lang='lat' dir='ltr'><strong>subjecta</strong></span> <span class='ocrx_word' id='word_1_174' title='bbox 958 2881 1013 2938; x_wconf 89' lang='lat' dir='ltr'><strong>sub</strong></span> <span class='ocrx_word' id='word_1_175' title='bbox 1042 2880 1172 2940; x_wconf 84' lang='lat' dir='ltr'><strong>formula</strong></span> <span class='ocrx_word' id='word_1_176' title='bbox 1193 2884 1249 2954; x_wconf 81' lang='lat' dir='ltr'><strong>Ag.</strong></span> 
     </span>
     <span class='ocr_line' id='line_1_26' title="bbox 174 2969 724 3059; baseline 0 -20"><span class='ocrx_word' id='word_1_177' title='bbox 174 2983 269 3040; x_wconf 80' lang='lat'>1624:</span> <span class='ocrx_word' id='word_1_178' title='bbox 293 2971 347 3055; x_wconf 74' lang='grc' dir='ltr'><strong><em>τήν</em></strong></span> <span class='ocrx_word' id='word_1_179' title='bbox 368 2970 460 3056; x_wconf 81' lang='grc' dir='ltr'><strong><em>τάχην</em></strong></span> <span class='ocrx_word' id='word_1_180' title='bbox 483 2969 509 3038; x_wconf 79' lang='grc' dir='ltr'><strong>δ’</strong></span> <span class='ocrx_word' id='word_1_181' title='bbox 531 2973 724 3059; x_wconf 75' lang='grc' dir='ltr'><strong><em>αἱρούμεθα.)</em></strong></span> 
     </span>
    </p>

    <p class='ocr_par' dir='ltr' id='par_1_9' title="bbox 171 3082 1250 3266">
     <span class='ocr_line' id='line_1_27' title="bbox 256 3082 1250 3163; baseline 0.002 -22"><span class='ocrx_word' id='word_1_182' title='bbox 256 3083 384 3142; x_wconf 84' lang='lat' dir='ltr'><strong>Perrara</strong></span> <span class='ocrx_word' id='word_1_183' title='bbox 406 3087 452 3143; x_wconf 90' lang='lat' dir='ltr'><strong>est</strong></span> <span class='ocrx_word' id='word_1_184' title='bbox 474 3082 589 3161; x_wconf 87' lang='lat' dir='ltr'><strong>ellipsis</strong></span> <span class='ocrx_word' id='word_1_185' title='bbox 611 3083 745 3159; x_wconf 80' lang='lat' dir='ltr'><strong>genetivi</strong></span> <span class='ocrx_word' id='word_1_186' title='bbox 767 3084 847 3161; x_wconf 81' lang='lat' dir='ltr'><strong>Sept</strong></span> <span class='ocrx_word' id='word_1_187' title='bbox 872 3090 950 3146; x_wconf 80' lang='lat'>213:</span> <span class='ocrx_word' id='word_1_188' title='bbox 973 3084 1120 3163; x_wconf 77' lang='grc' dir='ltr'><strong><em>πολεμίων</em></strong></span> <span class='ocrx_word' id='word_1_189' title='bbox 1142 3102 1250 3162; x_wconf 82' lang='grc' dir='ltr'><strong><em>πειρω·</em></strong></span> 
     </span>
     <span class='ocr_line' id='line_1_28' title="bbox 171 3180 809 3266; baseline 0.003 -22"><span class='ocrx_word' id='word_1_190' title='bbox 171 3180 279 3263; x_wconf 73' lang='grc' dir='ltr'><strong><em>μένων,</em></strong></span> <span class='ocrx_word' id='word_1_191' title='bbox 303 3205 394 3266; x_wconf 90' lang='lat' dir='ltr'><strong>quum</strong></span> <span class='ocrx_word' id='word_1_192' title='bbox 415 3186 565 3246; x_wconf 88' lang='lat' dir='ltr'><strong>incertum</strong></span> <span class='ocrx_word' id='word_1_193' title='bbox 588 3187 627 3246; x_wconf 91' lang='lat' dir='ltr'><strong>sit</strong></span> <span class='ocrx_word' id='word_1_194' title='bbox 650 3188 809 3264; x_wconf 89' lang='lat' dir='ltr'><strong>objectum.</strong></span> 
     </span>
    </p>

    <p class='ocr_par' dir='ltr' id='par_1_10' title="bbox 169 3288 1251 3780">
     <span class='ocr_line' id='line_1_29' title="bbox 255 3288 1250 3368; baseline 0 -18"><span class='ocrx_word' id='word_1_195' title='bbox 255 3288 459 3366; x_wconf 84' lang='lat' dir='ltr'><strong>Proprietates</strong></span> <span class='ocrx_word' id='word_1_196' title='bbox 491 3310 529 3351; x_wconf 82' lang='lat' dir='ltr'><strong>ex</strong></span> <span class='ocrx_word' id='word_1_197' title='bbox 556 3289 792 3368; x_wconf 85' lang='lat' dir='ltr'><strong>proprietatibus</strong></span> <span class='ocrx_word' id='word_1_198' title='bbox 820 3291 975 3351; x_wconf 89' lang='lat' dir='ltr'><strong>nectimus.</strong></span> <span class='ocrx_word' id='word_1_199' title='bbox 1019 3294 1067 3351; x_wconf 84' lang='lat' dir='ltr'><strong>Ab</strong></span> <span class='ocrx_word' id='word_1_200' title='bbox 1092 3292 1250 3353; x_wconf 86' lang='lat' dir='ltr'><strong>verborum</strong></span> 
     </span>
     <span class='ocr_line' id='line_1_30' title="bbox 170 3391 1251 3474; baseline 0.001 -21"><span class='ocrx_word' id='word_1_201' title='bbox 170 3392 250 3453; x_wconf 92' lang='lat' dir='ltr'><strong>enim</strong></span> <span class='ocrx_word' id='word_1_202' title='bbox 273 3391 449 3470; x_wconf 80' lang='lat' dir='ltr'><strong>capessendi</strong></span> <span class='ocrx_word' id='word_1_203' title='bbox 477 3398 645 3453; x_wconf 87' lang='lat' dir='ltr'><strong>structurae</strong></span> <span class='ocrx_word' id='word_1_204' title='bbox 674 3392 872 3453; x_wconf 76' lang='lat' dir='ltr'><strong>similitudine</strong></span> <span class='ocrx_word' id='word_1_205' title='bbox 893 3396 1059 3472; x_wconf 83' lang='lat' dir='ltr'><strong>profectam</strong></span> <span class='ocrx_word' id='word_1_206' title='bbox 1080 3414 1145 3454; x_wconf 89' lang='lat' dir='ltr'><strong>esse</strong></span> <span class='ocrx_word' id='word_1_207' title='bbox 1166 3399 1251 3474; x_wconf 89' lang='lat' dir='ltr'><strong>patet</strong></span> 
     </span>
     <span class='ocr_line' id='line_1_31' title="bbox 169 3492 1249 3575; baseline 0.003 -20"><span class='ocrx_word' id='word_1_208' title='bbox 169 3495 318 3556; x_wconf 84' lang='lat' dir='ltr'><strong>rationem</strong></span> <span class='ocrx_word' id='word_1_209' title='bbox 341 3495 535 3556; x_wconf 88' lang='lat' dir='ltr'><strong>construendi</strong></span> <span class='ocrx_word' id='word_1_210' title='bbox 557 3495 643 3556; x_wconf 83' lang='lat' dir='ltr'><strong>verbi</strong></span> <span class='ocrx_word' id='word_1_211' title='bbox 667 3492 817 3554; x_wconf 76' lang='grc' dir='ltr'><strong><em>ἱκνεῖσθαι</em></strong></span> <span class='ocrx_word' id='word_1_212' title='bbox 839 3496 1055 3575; x_wconf 86' lang='lat' dir='ltr'><strong>,‚supplicare“,</strong></span> <span class='ocrx_word' id='word_1_213' title='bbox 1078 3497 1249 3558; x_wconf 87' lang='lat' dir='ltr'><strong>indicantis.</strong></span> 
     </span>
     <span class='ocr_line' id='line_1_32' title="bbox 170 3598 1248 3674; baseline 0.004 -17"><span class='ocrx_word' id='word_1_214' title='bbox 170 3599 248 3659; x_wconf 88' lang='lat' dir='ltr'><strong>conf.</strong></span> <span class='ocrx_word' id='word_1_215' title='bbox 270 3598 374 3658; x_wconf 85' lang='lat' dir='ltr'><strong>Elmsl.</strong></span> <span class='ocrx_word' id='word_1_216' title='bbox 397 3599 435 3658; x_wconf 90' lang='lat' dir='ltr'><strong>ad</strong></span> <span class='ocrx_word' id='word_1_217' title='bbox 457 3598 535 3658; x_wconf 86' lang='lat' dir='ltr'><strong>Med.</strong></span> <span class='ocrx_word' id='word_1_218' title='bbox 561 3604 631 3660; x_wconf 81' lang='lat'><strong>318.</strong></span> <span class='ocrx_word' id='word_1_219' title='bbox 663 3598 765 3658; x_wconf 84' lang='lat' dir='ltr'><strong>Valch.</strong></span> <span class='ocrx_word' id='word_1_220' title='bbox 787 3599 826 3658; x_wconf 92' lang='lat' dir='ltr'><strong>ad</strong></span> <span class='ocrx_word' id='word_1_221' title='bbox 848 3600 956 3660; x_wconf 76' lang='lat' dir='ltr'><strong>Theon.</strong></span> <span class='ocrx_word' id='word_1_222' title='bbox 978 3601 1032 3674; x_wconf 88' lang='lat' dir='ltr'><strong>IV,</strong></span> <span class='ocrx_word' id='word_1_223' title='bbox 1056 3604 1106 3661; x_wconf 81' lang='lat'><strong>35.</strong></span> <span class='ocrx_word' id='word_1_224' title='bbox 1136 3601 1248 3661; x_wconf 84' lang='lat' dir='ltr'><strong>Bernh.</strong></span> 
     </span>
     <span class='ocr_line' id='line_1_33' title="bbox 170 3701 764 3780; baseline 0.002 -21"><span class='ocrx_word' id='word_1_225' title='bbox 170 3708 248 3779; x_wconf 86' lang='lat' dir='ltr'><strong>synt.</strong></span> <span class='ocrx_word' id='word_1_226' title='bbox 271 3721 299 3778; x_wconf 92' lang='lat' dir='ltr'><strong>p.</strong></span> <span class='ocrx_word' id='word_1_227' title='bbox 319 3704 387 3763; x_wconf 82' lang='lat'>148.</span> <span class='ocrx_word' id='word_1_228' title='bbox 418 3703 530 3776; x_wconf 81' lang='lat' dir='ltr'><strong>Kmeg.</strong></span> <span class='ocrx_word' id='word_1_229' title='bbox 555 3701 637 3780; x_wconf 70' lang='lat'><strong>547,</strong></span> <span class='ocrx_word' id='word_1_230' title='bbox 664 3707 711 3776; x_wconf 79' lang='lat'><strong>12,</strong></span> <span class='ocrx_word' id='word_1_231' title='bbox 737 3706 764 3760; x_wconf 83' lang='lat'><strong>5.</strong></span> 
     </span>
    </p>

    <p class='ocr_par' dir='ltr' id='par_1_11' title="bbox 255 3803 1328 3887">
     <span class='ocr_line' id='line_1_34' title="bbox 255 3803 1328 3887; baseline 0.007 -25"><span class='ocrx_word' id='word_1_232' title='bbox 255 3803 323 3863; x_wconf 84' lang='lat' dir='ltr'><strong>Hoc</strong></span> <span class='ocrx_word' id='word_1_233' title='bbox 344 3804 424 3864; x_wconf 89' lang='lat' dir='ltr'><strong>eninr</strong></span> <span class='ocrx_word' id='word_1_234' title='bbox 445 3806 588 3878; x_wconf 80' lang='lat' dir='ltr'><strong>verbum,</strong></span> <span class='ocrx_word' id='word_1_235' title='bbox 619 3805 668 3864; x_wconf 89' lang='lat' dir='ltr'><strong>cui</strong></span> <span class='ocrx_word' id='word_1_236' title='bbox 690 3805 858 3885; x_wconf 77' lang='lat' dir='ltr'><strong>Aeschylus</strong></span> <span class='ocrx_word' id='word_1_237' title='bbox 890 3806 1093 3867; x_wconf 85' lang='lat' dir='ltr'><strong>accusativum</strong></span> <span class='ocrx_word' id='word_1_238' title='bbox 1116 3806 1249 3887; x_wconf 86' lang='lat' dir='ltr'><strong>applicat</strong></span> <span class='ocrx_word' id='word_1_239' title='bbox 1326 3812 1328 3817; x_wconf 55' lang='lat'><strong>⁴</strong></span> 
     </span>
    </p>

    <p class='ocr_par' dir='ltr' id='par_1_12' title="bbox 81 3903 1249 4198">
     <span class='ocr_line' id='line_1_35' title="bbox 169 3903 1249 3988; baseline 0.002 -22"><span class='ocrx_word' id='word_1_240' title='bbox 169 3925 314 3985; x_wconf 89' lang='lat' dir='ltr'><strong>personae</strong></span> <span class='ocrx_word' id='word_1_241' title='bbox 342 3909 421 3985; x_wconf 87' lang='lat' dir='ltr'><strong>ejus,</strong></span> <span class='ocrx_word' id='word_1_242' title='bbox 452 3907 499 3968; x_wconf 93' lang='lat' dir='ltr'><strong>cui</strong></span> <span class='ocrx_word' id='word_1_243' title='bbox 523 3908 590 3988; x_wconf 91' lang='lat' dir='ltr'><strong>quis</strong></span> <span class='ocrx_word' id='word_1_244' title='bbox 618 3908 768 3987; x_wconf 86' lang='lat' dir='ltr'><strong>supplicat</strong></span> <span class='ocrx_word' id='word_1_245' title='bbox 789 3910 871 3968; x_wconf 87' lang='lat' dir='ltr'><strong>Pers.</strong></span> <span class='ocrx_word' id='word_1_246' title='bbox 895 3915 975 3969; x_wconf 81' lang='lat'><strong>216:</strong></span> <span class='ocrx_word' id='word_1_247' title='bbox 1004 3903 1100 3979; x_wconf 76' lang='grc' dir='ltr'><strong>θεοὺς</strong></span> <span class='ocrx_word' id='word_1_248' title='bbox 1122 3905 1155 3969; x_wconf 79' lang='grc' dir='ltr'><strong>δὲ</strong></span> <span class='ocrx_word' id='word_1_249' title='bbox 1176 3931 1249 3988; x_wconf 82' lang='grc' dir='ltr'><strong><em>προ·</em></strong></span> 
     </span>
     <span class='ocr_line' id='line_1_36' title="bbox 81 3987 1248 4089; baseline 0.003 -21"><span class='ocrx_word' id='word_1_250' title='bbox 81 3987 87 3998; x_wconf 41' lang='grc' dir='ltr'><strong><em>Ι</em></strong></span> <span class='ocrx_word' id='word_1_251' title='bbox 171 4011 314 4089; x_wconf 81' lang='grc' dir='ltr'><strong><em>στμοπαῖς</em></strong></span> <span class='ocrx_word' id='word_1_252' title='bbox 340 4006 508 4086; x_wconf 78' lang='grc' dir='ltr'><strong><em>ἱκνουμένη.</em></strong></span> <span class='ocrx_word' id='word_1_253' title='bbox 553 4009 655 4088; x_wconf 71' lang='lat' dir='ltr'><strong>suppl.</strong></span> <span class='ocrx_word' id='word_1_254' title='bbox 681 4015 756 4071; x_wconf 81' lang='lat'>146:</span> <span class='ocrx_word' id='word_1_255' title='bbox 788 4013 870 4087; x_wconf 80' lang='grc' dir='ltr'><strong><em>Ζῆνα</em></strong></span> <span class='ocrx_word' id='word_1_256' title='bbox 891 4046 932 4056; x_wconf 93' lang='grc'><strong>-</strong></span> <span class='ocrx_word' id='word_1_257' title='bbox 956 4005 1101 4088; x_wconf 80' lang='grc' dir='ltr'><strong><em>ἱξόμεσθα</em></strong></span> <span class='ocrx_word' id='word_1_258' title='bbox 1123 4047 1166 4057; x_wconf 88' lang='lat'><strong>-—</strong></span> <span class='ocrx_word' id='word_1_259' title='bbox 1188 4033 1248 4072; x_wconf 89' lang='lat' dir='ltr'><strong>uno</strong></span> 
     </span>
     <span class='ocr_line' id='line_1_37' title="bbox 168 4112 1247 4198; baseline 0.008 -26"><span class='ocrx_word' id='word_1_260' title='bbox 168 4112 235 4173; x_wconf 91' lang='lat' dir='ltr'><strong>loco</strong></span> <span class='ocrx_word' id='word_1_261' title='bbox 267 4113 415 4174; x_wconf 86' lang='lat' dir='ltr'><strong>construit</strong></span> <span class='ocrx_word' id='word_1_262' title='bbox 444 4132 510 4174; x_wconf 88' lang='lat' dir='ltr'><strong>cum</strong></span> <span class='ocrx_word' id='word_1_263' title='bbox 541 4114 682 4189; x_wconf 80' lang='lat' dir='ltr'><strong>genetivo</strong></span> <span class='ocrx_word' id='word_1_264' title='bbox 711 4114 774 4189; x_wconf 88' lang='lat' dir='ltr'><strong>dei,</strong></span> <span class='ocrx_word' id='word_1_265' title='bbox 804 4135 873 4192; x_wconf 92' lang='lat' dir='ltr'><strong>per</strong></span> <span class='ocrx_word' id='word_1_266' title='bbox 896 4135 983 4197; x_wconf 89' lang='lat' dir='ltr'><strong>quem</strong></span> <span class='ocrx_word' id='word_1_267' title='bbox 1006 4117 1072 4198; x_wconf 90' lang='lat' dir='ltr'><strong>quis</strong></span> <span class='ocrx_word' id='word_1_268' title='bbox 1094 4121 1247 4197; x_wconf 86' lang='lat' dir='ltr'><strong>precatur:</strong></span> 
     </span>
    </p>
   </div>
   <div class='ocr_carea' id='block_1_4' title="bbox 0 0 1430 4590">
    <p class='ocr_par' dir='ltr' id='par_1_13' title="bbox 0 0 1430 4590">
     <span class='ocr_line' id='line_1_38' title="bbox 0 0 1430 4590; baseline 0 1"><span class='ocrx_word' id='word_1_269' title='bbox 0 0 1430 4590; x_wconf 95' lang='lat' dir='ltr'><strong> </strong></span> 
     </span>
    </p>
   </div>
  </div>
 </body>
</html>
