2850 4590
646 379 923 481 mas--¹

213 531 282 594 ποτὶ
304 538 385 612 χεῖρα
408 533 519 594 σαίνων
541 555 570 594 τε
593 527 757 614 γαστριίς
778 529 970 615 ἀνάγκαις
991 535 1181 611 „necessitas,
1205 557 1294 616 quam

213 641 302 699 affert
323 643 456 700 venter“.
502 643 579 699 995:
612 630 758 717 ἆνσίγκη
788 630 871 714 τῆσδ’
893 635 1048 718 ἐπιρρέποι
1077 632 1192 716 τύχης
1222 638 1293 717 (adj.

213 763 267 820 pro
290 763 357 816 gen.
382 744 458 819 subj.
489 742 593 801 eodem
625 762 714 800 sensu
743 741 874 820 positum
904 748 950 802 est
972 744 1054 802 Pars.
1078 748 1153 802 585:
1184 741 1293 816 δασμο-

212 847 360 924 φοροῦσιν
379 844 384 926 Ι
404 837 708 905 δεσποσύνοισιν
731 839 919 924 ἆνιίγκαις
941 847 1152 920 „necessitates
1167 865 1185 904 a
1200 845 1293 903 domi-

212 949 259 1008 nis
282 949 455 1008 adhibitae“
477 950 514 1008 cf.
536 950 608 1011 Eur.
623 950 717 1008 Andr.
737 953 812 1008 132:
835 947 989 1009 δεσποτῶν
1012 942 1177 1029 ἀνάγκαις).
1211 949 1292 1027 Sept.

215 1057 289 1114 112:
313 1045 423 1131 ίίριγξον
446 1051 463 1110 d
471 1052 566 1111 αίων
588 1045 610 1111 ύί
616 1055 739 1112 λασιν.
780 1053 878 1113 Schol.
894 1055 951 1113 M.:
975 1047 1133 1130 βοήθησον
1157 1045 1229 1111 diors
1251 1047 1293 1128 μῆ

211 1148 283 1215 ύπδ
308 1157 378 1214 τῶν
402 1154 591 1232 πολεμίων
614 1147 759 1214 ίίλωσιν
780 1151 927 1233 γενέσθαι.
973 1158 1058 1215 Eum.
1083 1156 1160 1216 457:
1184 1148 1203 1212 δί
1224 1158 1291 1212 λου-

213 1260 306 1337 τρῶν
329 1251 515 1337 ἐξεμαρτύρει
540 1251 638 1332 φόνον
659 1259 832 1333 genetivum
855 1260 988 1338 λουτρῶν
1008 1262 1066 1319 λικε
1087 1260 1205 1319 ratione
1227 1280 1291 1318 esse

212 1363 422 1441 explicandum
445 1362 513 1441 quis
536 1383 596 1420 non
620 1361 722 1422 videt?
766 1363 856 1421 Enim
877 1383 949 1424 vero
972 1363 1106 1441 λουτρῶν
1127 1355 1226 1436 φόνος
1246 1369 1292 1423 est

212 1468 336 1542 „caedes
358 1467 465 1530 balneo
481 1471 673 1544 perpetrata“
695 1467 725 1524 id
743 1468 822 1546 quod
845 1472 974 1527 testatur
989 1469 1042 1528 (th.
1059 1466 1137 1527 478:
1160 1467 1291 1544 λουτρῶν

212 1561 259 1640 οἷς
289 1566 481 1644 ἐνοσφίσθης.
528 1570 629 1629 Facile
659 1570 754 1646 igitur
782 1571 968 1645 intellegitur
996 1591 1153 1649 perperam
1181 1571 1290 1630 Schoe-

212 1690 354 1734 mannum
376 1678 407 1732 et
421 1673 583 1733 Franzium
605 1674 820 1752 metonomia,
844 1694 920 1754 quae
943 1679 989 1734 est
1010 1675 1121 1735 codicis
1136 1676 1177 1733 M.
1199 1673 1289 1732 lectio

212 1778 332 1838 Scholio
356 1778 540 1851 confirmata,
564 1778 773 1852 corrigendum
797 1779 960 1856 conjecisse
982 1771 1124 1857 λουτρῶν.

298 1881 446 1948 Quocirca
460 1883 543 1941 Pers.
560 1887 634 1941 601:
660 1876 725 1956 ἐμοὶ
748 1874 803 1961 γοίρ
828 1875 886 1958 ῆδη
902 1875 999 1940 πάντα
1015 1876 1069 1958 μὲν
1084 1873 1186 1955 φόβου
1202 1875 1287 1937 πλέα.

212 1982 244 2044 ἐν
274 1977 403 2061 ὅμμασιν
432 1978 556 2042 τάνταῖα
586 1982 722 2058 φαίνεται
751 1987 851 2056 θεῶν,
885 1985 944 2044 nisi
974 2005 1046 2046 vero
1080 1985 1145 2065 quis
1176 1983 1290 2043 mavult

210 2090 310 2163 legere
333 2089 410 2168 quod
434 2087 592 2165 proposuit
612 2087 804 2147 Blomfieldus
827 2079 862 2145 τοί
885 2089 967 2146 θεῶν
990 2090 1026 2148 cf.
1049 2108 1116 2165 pag.
1134 2094 1190 2147 26:
1222 2082 1288 2144 τύν-

211 2194 278 2248 ταῖα
301 2192 382 2248 θεῶν
412 2211 467 2266 ego
497 2197 569 2269 puto
600 2212 665 2250 esse
687 2192 833 2265 „adversa
854 2211 872 2250 a
893 2191 939 2250 dis
961 2192 1079 2264 missa“,
1113 2211 1224 2270 neque,
1254 2195 1292 2248 ut·

210 2295 283 2354 fecit
305 2295 497 2353 Hermannus
520 2294 678 2371 (‚,adversa
706 2296 828 2354 deorum
851 2295 925 2354 mihi
947 2295 1089 2355 videntur
1115 2295 1205 2371 plena
1227 2315 1287 2352 me·

209 2399 291 2474 tus“)
313 2397 566 2475 interpunctionis
589 2404 660 2458 nota
681 2404 750 2476 post
772 2394 845 2456 πλέα
868 2398 1001 2458 tollenda
1024 2404 1077 2458 est.
1112 2401 1149 2458 cf.
1170 2420 1199 2460 v.
1216 2404 1287 2460 598.

210 2503 256 2561 De
278 2505 364 2561 Eum.
388 2508 465 2561 232:
496 2504 549 2560 τοῦ
571 2500 796 2580 προστροπαίου
819 2503 907 2577 μῆνις
930 2508 960 2562 et
988 2503 1029 2562 ib.
1053 2502 1112 2561 497
1138 2497 1290 2571 -κύτος

212 2641 254 2650 -
277 2598 430 2684 ἕργμιίτων
451 2606 521 2668 vide
552 2626 628 2686 quae
656 2606 781 2684 exposui
804 2626 870 2683 pag.
896 2612 945 2667 33.
990 2607 1030 2666 ib.
1054 2612 1124 2680 959,
1155 2607 1289 2666 simodo

211 2712 371 2788 probamus
394 2709 509 2770 Pauwii
540 2711 742 2787 conjecturam
773 2710 881 2777 ποινᾶς
912 2709 978 2787 (pro
1002 2702 1121 2787 ποιούς)
1151 2712 1188 2768 ab
1211 2711 1289 2769 Her·

100 2816 104 2835 ⁸
211 2833 320 2871 manno
351 2819 515 2891 receptam,
545 2819 580 2872 ut
601 2815 695 2873 verba
724 2813 786 2871 sint
814 2813 1031 2887 intellegenda:
1061 2803 1099 2870 δι’
1121 2805 1216 2892 ὀργῆν
1237 2815 1290 2887 τῆς

212 2917 319 2991 ποινῆς
334 2908 491 2994 ύρπαλίσαι
508 2909 690 2990 οίντιφύνονς
705 2907 779 2986 ι’ίτας
790 2909 912 2992 πόλεως,
927 2917 1100 2991 genetivum
1114 2916 1167 2991 τῆς
1182 2917 1290 2990 ποινῆς

211 3023 309 3079 facere
332 3040 392 3078 non
414 3039 571 3097 possumus
595 3019 669 3099 quin
691 3020 892 3097 subjectivum
915 3024 1078 3079 statuamus
1100 3021 1168 3093 „ob
1197 3019 1288 3078 iram

212 3142 318 3203 quam
341 3125 419 3182 fert
440 3123 569 3183 ultio“.

297 3226 443 3287 Similiter
464 3229 520 3302 Ag.
547 3231 644 3286 1359:
666 3211 755 3296 οὗτός
777 3223 855 3286 ἐστιν
874 3218 1074 3305 Ἀγαμέμνων,
1097 3218 1168 3301 ἒμδς
1190 3217 1288 3296 πόσις,

212 3321 317 3408 νεκρύς
339 3325 371 3389 δὲ
393 3329 480 3406 τῆσδε
502 3328 599 3401 δεξιᾶς
620 3322 716 3408 χερός,
745 3327 831 3410 ἔργον
849 3328 966 3399 δικαίας
988 3325 1125 3398 τέκτονος
1146 3350 1199 3388 suo
1219 3332 1289 3406 jure

210 3433 417 3494 Kirchhoffius
449 3433 672 3493 distinctionem
694 3439 763 3512 post
784 3427 869 3512 χερός
890 3436 927 3493 ab
949 3433 1117 3494 Abreschio
1141 3433 1287 3492 sublatam

210 3537 352 3598 restituit.
386 3539 523 3617 Namque
539 3538 597 3597 duo
620 3543 691 3597 sunt
713 3537 891 3598 nominativi
915 3530 1020 3615 νεκρός
1042 3543 1072 3596 et
1094 3532 1192 3615 ἔργον,
1216 3557 1287 3615 quo-

210 3662 276 3700 rum
298 3647 425 3721 uterque
448 3661 534 3701 suum
564 3641 621 3701 sibi
644 3643 736 3700 habet
758 3642 907 3702 adnexum
930 3641 1111 3716 genetivum.
1155 3640 1192 3699 In
1214 3640 1288 3718 ipsis

208 3745 270 3803 illis
293 3745 487 3805 nominativis
509 3746 640 3823 positum
664 3750 709 3804 est
730 3747 823 3804 robur
846 3746 994 3824 quoddam
1017 3743 1176 3817 orationis,
1208 3745 1287 3823 quod
1325 3723 1328 3729 ¹

211 3855 310 3907 tamen
333 3850 370 3908 ab
394 3849 559 3909 Abreschio
583 3849 669 3908 foede
693 3848 817 3908 deletur.
840 3884 882 3893 —
904 3850 944 3907 Et
966 3849 1110 3924 profecto,
1142 3849 1221 3928 quod
1243 3854 1288 3907 at-

211 3951 289 4009 tinet
309 3953 346 4010 ad
369 3958 557 4025 structuram,
582 3952 744 4030 persimilis
767 3956 813 4010 est
834 3951 925 4012 dictio
949 3950 1116 4027 Sophoclea
1137 3951 1184 4010 Δί.
1209 3956 1287 4010 309:

211 4049 242 4113 ἒν
265 4045 290 4111 δ’
313 4050 454 4134 ἐρειπίοις
475 4056 589 4135 νεκρῶν
612 4051 765 4134 ε’ρειφθείς
787 4048 909 4135 αἰρνείοο
930 4046 1037 4128 φόνον.
