2850 4590
604 297 819 363 ...73-

173 459 298 517 obscura
320 458 390 515 sunt
413 475 489 534 quae
511 453 587 515 dicit
608 453 839 514 Schiitzius:
861 454 1018 529 „Saronici
1039 456 1111 516 freti
1134 455 1251 536 conspi-

173 579 260 618 cuum
282 555 466 632 fastigium.“
509 556 769 616 Blomfieldus
791 556 893 635 (gloss.
917 558 955 617 ad
976 562 1034 634 Ag.
1057 579 1080 618 s.
1095 560 1156 638 v.):
1177 580 1251 634 ,αα-

171 654 307 731 τοπτός
329 660 498 739 (accentum
521 661 602 739 quod
629 660 667 718 ad
694 658 854 721 libidinem
876 661 1021 736 mutavit,
1054 662 1196 743 quoniam
1217 663 1251 722 in

171 771 260 828 textu
280 764 382 844 posuit
405 757 570 839 κάτοπτον,
600 764 634 824 in
656 762 788 824 transitu
811 764 995 844 castigarim)
1018 766 1090 846 „qui
1112 765 1250 845 despicit.

171 861 320 928 κατοπτύν
342 866 524 946 Σαρωνικοῦ
545 867 689 946 πορθμοῦ
718 866 798 927 unde
820 867 979 929 Saronicus
1011 867 1095 929 sinus
1117 869 1251 948 prospici

170 975 300 1052 potest.“
323 1005 365 1016 —
387 971 443 1030 En
450 990 583 1045 gerus:
606 969 708 1047 (gloss.
732 970 770 1029 ad
784 973 842 1046 Ag.
861 992 883 1031 s.
900 970 943 1050 v.)
965 962 1114 1041 υύτοπτος
1136 970 1249 1046 „sicht-

171 1079 254 1149 bar“‚
276 1067 425 1143 τύτοπτος
446 1093 471 1134 c.
495 1093 562 1149 geu.
585 1072 926 1149 „gegeniiberliegend“.
969 1073 1167 1150 Inveniatur,
1198 1075 1251 1155 qui

172 1181 281 1258 probet
303 1197 368 1237 eam
390 1175 548 1237 rationem.
571 1211 613 1220 -

255 1281 339 1340 Haec
361 1299 415 1356 ego
439 1280 510 1340 dum
528 1279 628 1340 animo
645 1281 842 1358 complector,
865 1279 1130 1344 Schneidewinum
1145 1284 1250 1356 solum,

172 1382 225 1465 qui
247 1381 449 1462 explicatione
471 1386 576 1442 utatur
591 1382 777 1443 Scholiastac
791 1385 850 1443 AL:
873 1375 905 1443 τύ
929 1375 1096 1459 κατύψιον,
1118 1406 1182 1446 rem
1204 1407 1250 1445 sa·

171 1487 211 1547 tis
234 1490 336 1565 aperte
359 1491 390 1546 et
404 1486 563 1565 perspicue
586 1486 714 1546 enodare
738 1507 792 1563 ego
812 1485 942 1549 confido:
965 1488 1048 1561 „Der
1062 1481 1158 1569 πρύν,
1183 1487 1250 1549 eine

171 1611 241 1651 vom
264 1590 349 1649 Mser
372 1588 631 1667 emporsteigende
653 1589 827 1664 Felskiiste,
861 1591 996 1650 schaut
1017 1591 1062 1650 als
1083 1584 1250 1668 τηλεφανὴς

173 1685 285 1752 ουοπιύ
314 1691 435 1752 hinab
466 1692 533 1752 auf
559 1692 617 1751 den
646 1692 759 1754 weiten
786 1692 987 1754 Seronischen
1008 1695 1109 1755 Bucen
1136 1693 1250 1755 κατό-

145 1831 148 1836 -
172 1808 260 1870 ψιος
281 1797 336 1854 τού
358 1795 556 1874 πορθμοῦ,
578 1794 637 1858 vvie
660 1795 766 1874 Eurip.
788 1795 913 1875 Hippol.
930 1801 986 1856 30:
1016 1791 1109 1877 πέτρα
1132 1791 1248 1858 Παλλά-

172 1897 234 1972 δος,
258 1895 406 1974 νατύψιος
427 1898 482 1978 γῆς
504 1894 591 1974 τῆσδε
612 1898 675 1974 vgl.
691 1897 795 1958 Volcis.
814 1900 888 1959 Stat.
909 1898 984 1961 Silv.
1002 1904 1029 1974 2,
1054 1905 1081 1974 2,
1106 1905 1141 1961 3:
1171 1903 1251 1962 celsa

171 2002 332 2064 Dicarchei
360 2000 546 2081 speculatrix
575 2001 652 2063 villa
679 2001 839 2081 profundi,
870 2001 984 2082 Hymn.
1011 2003 1101 2065 Hom.
1126 2007 1181 2080 18,
1211 2009 1246 2066 ll

172 2100 295 2186 κορυφή
316 2097 533 2183 μηλοσκόπος.“
557 2140 599 2150 -

256 2213 425 2271 Adsecutus
448 2213 495 2269 est
516 2209 651 2287 profecto
674 2211 845 2286 conjectura
865 2209 915 2272 vir
937 2208 1127 2271 doctissimus
1150 2211 1249 2289 adjec-

170 2314 270 2378 tivum
288 2314 412 2378 verbale
433 2311 468 2371 in
491 2346 531 2356 -
554 2331 604 2382 τος
626 2310 732 2373 exiens
754 2311 854 2374 activo
870 2312 1003 2390 positum
1016 2312 1177 2374 intellectu
1198 2334 1249 2389 ge-

170 2417 308 2479 netivum
330 2436 417 2495 posse
447 2415 505 2477 sibi
527 2416 683 2475 adsumere
705 2418 741 2474 ut
763 2415 913 2493 permulta
934 2415 989 2474 illa
1011 2435 1102 2497 supra
1124 2415 1249 2477 anobis

171 2523 316 2584 advocata
338 2519 497 2598 adjectiva.
518 2553 561 2562 —

256 2624 321 2690 Quo
345 2627 446 2683 autem
466 2625 533 2700 jure
563 2623 622 2682 hoo
647 2622 692 2682 ita
714 2621 782 2684 fieri
804 2643 892 2701 posse
915 2621 1066 2699 significet
1086 2621 1249 2683 Schneide-

170 2727 277 2801 winus‚
301 2727 414 2804 idjam
436 2724 559 2784 uberius
575 2746 676 2785 sumus
693 2725 894 2804 explanaturi.
916 2760 959 2770 —
980 2725 1142 2804 Adjectiva
1155 2725 1250 2800 igitur

170 2829 307 2891 verbalia
335 2829 368 2888 in
395 2861 437 2872 -
463 2847 513 2897 τος
535 2828 674 2888 cadentia
695 2829 869 2909 saepissime
892 2829 973 2909 apud
992 2830 1179 2909 Aeschylum
1201 2849 1249 2890 ac·

170 2933 269 2996 tivum
290 2935 402 2993 habere
424 2931 614 2993 intellectum
635 2931 746 2994 mirum
776 2937 822 2994 est
843 2934 924 3014 quod
944 2953 1032 2994 nemo
1053 2934 1124 2994 dum
1151 2930 1249 2992 fusius

171 3036 399 3099 demonstravit.

256 3142 304 3201 En
326 3141 465 3217 exempla
486 3143 534 3200 sat
554 3141 664 3201 multa:

257 3237 383 3323 ρυτύς.
428 3245 485 3318 Ag.
511 3247 592 3302 1362
616 3240 720 3324 (ῥυτᾶς
742 3239 772 3314 ἒξ
797 3233 890 3322 eilde).
934 3243 1022 3303 Eum.
1046 3246 1124 3302 448:
1147 3239 1249 3320 ῥυτοῖς

170 3340 278 3427 πόροις
312 3346 415 3425 (Soph.
446 3344 494 3404 El.
523 3349 600 3405 894:
638 3339 817 3426 νεορρύτους
850 3337 967 3426 πηγύς).
1027 3337 1249 3424 πολύρυτος

170 3451 274 3528 Suppl.
293 3453 363 3509 812.

257 3550 473 3633 ἐπίρρυτος.
517 3553 604 3612 Eum.
621 3556 682 3612 889
705 3545 834 3631 (καρπόν
854 3587 898 3598 -
915 3549 1093 3633 ἐπίρρυτον).
1138 3543 1248 3632 ύγνύ-

171 3676 260 3736 ρυτος
289 3658 339 3716 Pr.
359 3661 436 3716 436:
469 3646 644 3735 dyvopsirorv
673 3657 824 3732 ποταμῶν.
878 3648 1097 3735 ύλίρρυτος.
1142 3658 1246 3736 Suppl.

172 3766 248 3820 836:
277 3750 436 3839 ύλίρρυτον
459 3751 556 3829 ἄλσος.
601 3761 714 3820 Contra
733 3760 855 3838 passive
886 3765 932 3821 est
954 3759 1161 3838 accipiendum
1184 3780 1247 3818 πε-

171 3860 352 3941 ρίρρυτος.
397 3864 483 3924 Eum.
501 3863 558 3923 77:
586 3855 764 3942 περιρρύτας
786 3856 887 3934 πόλεις
909 3865 1000 3944 (conf.
1023 3863 1247 3924 adnotationem

170 3965 319 4043 Stanleii).
363 3959 622 4046 χρυσόρρυτον
643 3968 722 4043 νᾶμα
743 3968 794 4026 Pr.
812 3972 882 4028 804.
927 3960 1143 4046 φονύρυτος
1164 3969 1246 4050 Sept.

172 4073 250 4129 915:
273 4069 343 4153 γαίᾳ
365 4063 532 4154 φονορύτῳ.
