2850 4590
330 770 386 840 De
411 768 591 859 genetivo
620 789 707 839 eum
732 768 937 864 adjectivis
964 767 1180 864 conjugato.

723 956 790 1035 52·

293 1079 341 1136 Ab
354 1077 519 1154 adjectivis,
536 1096 612 1156 quae
629 1082 700 1136 sunt
715 1078 841 1136 deducta
853 1097 871 1136 a
882 1069 982 1137 verbis
998 1077 1166 1138 transitivis
1179 1094 1293 1155 quaeve

214 1180 252 1237 iia
282 1181 479 1257 respondent,
510 1181 617 1255 agendi
648 1180 798 1258 capiemus
828 1180 1000 1259 primordia.
1054 1179 1219 1241 Genetivus
1249 1184 1294 1238 est

216 1284 447 1360 objeotivus.

740 1492 767 1532 a.

300 1593 423 1655 Privum
454 1592 583 1670 primum
615 1593 714 1651 loeum
747 1578 835 1672 quae¹
858 1592 1014 1652 obtineant
1045 1593 1187 1654 videntur
1216 1593 1291 1653 mihi

214 1695 305 1770 digna
327 1716 392 1755 ease
414 1694 563 1772 adjectiva
584 1695 616 1754 in
636 1729 681 1778 4-
703 1688 805 1773 τήριος
827 1696 977 1755 exeuntia.

303 1799 332 1876 1)
355 1790 588 1874 θελκτήριος
610 1797 710 1876 (aptus
725 1799 762 1858 ad
777 1799 1033 1877 permulcendum)
1046 1797 1082 1876 1)-
1096 1799 1199 1878 Suppl.
1216 1806 1291 1861 430:

213 1896 329 1979 γίνοιτο
352 1893 456 1977 μύθου
480 1902 581 1977 μῦθος
597 1893 633 1959 dv
648 1894 832 1981 θελκτήριος.
867 1903 931 1962 sine
954 1903 1110 1977 genetivo:
1134 1905 1218 1964 Eum.
1236 1909 1291 1973 81;

214 2001 410 2084 θελκτηρίους
430 2003 434 2085 1
455 1999 584 2081 μύθους.
629 2005 731 2082 Suppl.
756 2004 835 2065 971:
864 1997 997 2080 λήμματος
1023 1998 1201 2084 θελκτήριον
1220 2006 1224 2083 Ι
1244 2000 1292 2066 τό·

213 2105 321 2183 ξευμα,
350 2108 402 2166 ubi
433 2101 566 2183 ὄμματος
594 2108 727 2186 pertinet
756 2107 793 2166 ad
821 2100 958 2182 τόξευμα.
981 2140 1023 2153 ·—
1053 2111 1200 2169 Neutrum
1228 2110 1290 2171 vim

214 2211 394 2271 substantivi
429 2217 474 2270 est
507 2215 624 2270 nactum
660 2212 746 2270 Eum.
775 2215 852 2270 868:
885 2204 1018 2289 γλοίσσης
1050 2207 1125 2289 ἕμής
1156 2213 1292 2294 μείλιγμα

211 2311 263 2373 καί
292 2306 471 2392 θελκτήριον
484 2340 527 2365 =
541 2313 746 2374 lenimentum.
791 2315 844 2374 011.
869 2318 948 2373 651:
977 2309 1027 2372 καί
1050 2309 1150 2395 θερμοί
1179 2308 1289 2396 λουτροί

212 2412 262 2475 καί
286 2409 388 2476 κόνων
410 2409 571 2495 θελκτήρια
594 2420 630 2477 of.
653 2438 682 2495 p.
700 2423 750 2476 31.

299 2522 332 2598 2)
354 2513 516 2598 κινητήρ
526 2541 591 2590 ιυς.
625 2521 727 2600 Suppl.
744 2526 821 2580 431:
844 2512 964 2599 ἄλγειυοί
978 2523 1084 2597 θυμοῦ
1097 2515 1192 2601 κοίρτα
1207 2544 1289 2600 κινη-

212 2617 308 2703 τήρια.
343 2623 479 2683 absolute
500 2623 624 2701 ponitur
644 2625 684 2684 ib.
702 2629 780 2684 295:
802 2616 950 2701 βοηλάτην
965 2617 1085 2699 μύωπα,
1108 2624 1289 2704 κινητήριον.

300 2726 332 2805 3)
354 2717 549 2804 σωτήριος.
594 2729 667 2786 (ium
698 2726 839 2802 genetivo
870 2729 1066 2791 construitur:
1100 2731 1186 2789 Eum.
1210 2736 1289 2790 691:

212 2823 307 2909 ίρυμυί
329 2849 359 2889 τε
381 2822 479 2908 χώρας
500 2825 552 2887 καὶ
574 2823 688 2900 πόλεως
709 2822 864 2909 σωτήριον.
887 2865 928 2875 -
956 2832 1009 2891 ch.
1034 2838 1111 2893 228:
1142 2827 1290 2913 δακρυτὸς

212 2929 295 3003 ίλττὶς
323 2929 491 3010 σπέρματος
520 2932 676 3012 σωτηρίου.
722 2933 890 3012 Perseripsi
912 2937 1005 2995 verba
1034 2935 1077 2996 ita
1105 2943 1140 2996 ut
1167 2943 1289 2998 exstant

212 3041 335 3096 exarata
356 3037 389 3095 in
413 3036 513 3095 codiee
537 3035 671 3097 Medieeo
695 3044 726 3096 et
748 3057 824 3117 quae
846 3037 939 3099 vortit
960 3038 1126 3100 Stanleius:
1152 3041 1288 3102 lacrima·

211 3140 280 3199 bilis
314 3160 381 3217 spes
410 3137 530 3198 feminis
567 3140 715 3200 salutaris.
758 3140 879 3201 Eximio
910 3146 1010 3200 tamen
1042 3149 1087 3203 est
1120 3146 1287 3205 emendatio

211 3243 361 3302 Sohiitaii:
385 3236 558 3320 σωτήριος,
583 3263 642 3323 qua
663 3244 699 3302 fit
720 3245 871 3303 sententia
892 3245 982 3305 haee:
1004 3266 1042 3320 „o
1064 3265 1153 3324 saepe
1176 3249 1288 3327 (Ipsius

211 3346 347 3405 Sehiitaii
370 3350 440 3405 sunt
463 3346 567 3424 verba)
588 3348 651 3423 jam
673 3347 782 3406 defleta
805 3367 880 3425 spes,
913 3350 1031 3424 generis
1052 3351 1169 3427 paterni
1193 3352 1287 3430 sospi-

211 3451 336 3509 oatrix“.
380 3451 526 3528 Compara
546 3449 681 3509 Sehiitaii
705 3453 906 3526 eonjeeturam
928 3451 1030 3530 Suppl.
1054 3458 1125 3516 392.

296 3552 478 3637 Da‘tivus,
503 3553 553 3632 qui
577 3559 623 3612 est
645 3554 798 3627 eommodi,
822 3555 942 3614 additur
955 3556 1026 3614 huie
1041 3557 1190 3633 adjectivo
1206 3559 1286 3636 Sept.

215 3660 287 3715 166:
310 3642 330 3730 ἦ
344 3646 425 3712 ταῦτ’
441 3646 546 3734 ἄριστα
561 3651 609 3715 καί
626 3653 709 3716 πόλει
725 3651 855 3735 σωτήρια
877 3658 1002 3737 perinde
1024 3665 1114 3738 atque
1136 3661 1285 3738 adjectivo

280 3927 305 3992 1)
324 3928 441 3975 Similiter
459 3932 517 3974 sunt
533 3927 640 3976 formata
657 3925 812 3994 δραστήριος
830 3930 896 3990 Sept.
917 3932 991 3979 1025.
1025 3929 1181 3998 πρακτήριος
1199 3933 1286 3996 suppl.

210 4014 267 4061 506·
297 4007 461 4077 tiflvvttr'pws
477 4013 546 4062 Pers.
562 4017 619 4062 755.
645 4011 814 4081 πευθητήριος
832 4015 912 4065 01].8.
926 4043 960 4052 -—
972 4015 1157 4084 προστατήριος
1174 4021 1220 4080 Δς.
1236 4024 1286 4071 940

209 4114 229 4146 ο.
248 4113 317 4160 gem:
336 4101 413 4162 δεῖμα
431 4095 612 4165 προστατήριον
627 4098 632 4167 Ι
648 4097 800 4164 καρδίαςιτ
813 4101 904 4161 „juxta
921 4104 1066 4162 praecordia
1084 4105 1175 4152 eitum“
1193 4107 1283 4155 Blomf.

209 4186 285 4245 gloss.
303 4199 323 4232 ε.
342 4199 366 4230 v.
