2850 4590
571 242 830 356 42*

195 447 317 522 longam
338 447 531 525 praemittere
555 448 836 507 commentationem
859 448 896 506 ab
924 448 1013 507 huius
1044 448 1159 525 opellae
1188 449 1276 508 insti·

196 556 261 610 tuto
277 555 308 609 et
329 552 447 610 ratione
462 570 607 629 perquam
623 551 753 608 alienum
770 551 932 609 arbitratus
948 571 1020 609 sum.
1056 551 1180 609 Librum
1196 553 1275 610 enim

196 654 307 713 scribet
336 653 386 733 qni
418 653 573 727 collegerit
603 659 633 711 et
662 653 880 712 examinaverit
913 653 1069 730 opiniones
1101 654 1154 712 illa
1183 655 1219 712 de
1241 675 1274 712 re

195 757 353 815 dissimiles
376 762 466 835 atque
489 757 631 817 diversas.
675 757 787 814 Facere
817 762 917 815 tamen
940 777 1000 814 non
1023 776 1160 832 possum,
1192 759 1273 835 quin,

195 878 355 939 quamnam
377 865 495 919 secutus
519 859 575 916 sim
598 859 755 931 rationem,
778 859 913 918 breviter
935 879 1146 918 commoneam.

278 963 386 1042 Itaque
409 982 506 1041 neque
530 982 580 1020 eos
603 962 692 1038 plane
707 961 819 1020 vidisse
835 981 947 1034 verum,
972 962 1023 1040 qui
1047 981 1131 1020 casus
1153 962 1273 1035 linguae

195 1085 318 1139 menae
342 1065 475 1139 singulos
501 1066 539 1143 ad
568 1065 627 1123 loci
657 1066 806 1124 referrent
835 1064 996 1123 relationes
1019 1085 1115 1144 neque
1145 1085 1195 1122 eos
1223 1065 1273 1144 qui

194 1169 417 1242 grammaticam
450 1173 647 1247 sequerentur
669 1169 849 1240 doctrinam,
879 1167 969 1226 immo
1000 1188 1122 1244 prorsus
1144 1169 1272 1225 medium

195 1272 340 1350 quendam
362 1273 525 1330 tenendum
549 1291 613 1330 esse
635 1291 763 1342 cursum,
786 1272 830 1330 ita
853 1280 887 1329 ut
909 1271 960 1329 alii
985 1290 1069 1330 casus
1092 1271 1154 1329 sint
1176 1292 1273 1344 gram·

193 1375 295 1433 matici
317 1375 457 1447 habendi,
481 1375 607 1433 aliorum
622 1374 805 1451 principium
821 1375 926 1433 deduci
950 1375 1046 1452 possit
1063 1375 1099 1433 ad
1122 1374 1180 1432 loci
1196 1375 1272 1432 rela-

193 1477 309 1550 tiones,
341 1477 481 1556 qnoniam
503 1477 815 1550 indegermanicarum
843 1476 1014 1551 linguarum
1037 1477 1172 1535 adhibita
1194 1496 1272 1535 com-

193 1580 349 1657 paratione
373 1587 488 1638 certum
510 1581 574 1638 fere
596 1581 740 1638 hebemus
764 1579 1025 1658 exploratumque,
1053 1580 1200 1657 applicavi
1225 1601 1271 1638 me

193 1683 229 1740 ad
252 1702 333 1755 eum,
364 1683 414 1762 qni
437 1683 561 1741 remed
584 1682 730 1762 liquidum
752 1702 847 1758 paene
870 1683 1036 1758 perducens
1060 1683 1271 1742 dilucidissime

192 1785 319 1844 disseret
341 1786 378 1843 de
399 1784 560 1862 principali
585 1784 805 1858 significatione
829 1804 958 1858 casuum,
990 1786 1056 1844 dico
1080 1787 1134 1847 Fr.
1158 1786 1271 1844 Holc-

192 1887 447 1961 weissigium,
479 1888 563 1963 cujus
584 1887 663 1946 liber
685 1888 781 1946 bonae
805 1907 876 1946 sane
898 1888 993 1961 frugis
1015 1888 1204 1965 plenissimus
1226 1891 1271 1948 in·

192 1991 348 2051 scribitur:
379 1991 560 2063 „Wahrheit
589 1991 650 2049 und
673 1991 808 2049 Irrthum
839 1991 892 2048 der
920 1989 1142 2049 localistischen
1166 1992 1270 2050 (lasus-

192 2093 316 2153 theorie.
332 2127 374 2137 -
396 2094 455 2152 Ein
477 2094 599 2168 Beitrag
621 2114 676 2153 nur
698 2093 879 2153 rationellen
898 2093 1097 2166 Behandlung
1119 2095 1172 2152 der
1193 2094 1271 2167 grie-

192 2197 335 2256 chischen
357 2198 419 2255 und
451 2197 651 2256 lateinischen
674 2199 879 2274 (lasussyntax
901 2198 955 2254 auf
975 2196 1077 2255 Grund
1100 2198 1154 2254 der
1176 2197 1271 2254 siche-

191 2320 245 2358 ren
261 2301 442 2374 Ergebnisse
465 2301 518 2358 der
540 2300 791 2374 vergleichcnden
814 2300 1101 2374 Sprachforschung.
1135 2299 1269 2376 Leipzig,

195 2403 306 2463 1877.“
323 2437 362 2446 -
385 2403 469 2462 Idem
485 2403 534 2465 vir
549 2404 653 2462 doetus
669 2403 845 2476 singillatim
860 2402 959 2475 graeci
983 2403 1115 2475 genetivi
1134 2403 1270 2479 syntaxis

190 2506 374 2565 lineamenta
389 2508 587 2579 adumbravit,
607 2507 639 2565 in
656 2527 756 2584 progr.
772 2505 920 2583 gymnasii
936 2504 1161 2563 Bielcfeldensis
1179 2506 1270 2564 1877.

192 2641 232 2652 -
256 2610 311 2667 Est
333 2614 433 2668 eutem
456 2609 691 2668 demonstratum
715 2611 752 2668 ab
775 2629 824 2680 eo,
853 2608 931 2687 quod
955 2609 1075 2687 quidem
1094 2611 1156 2684 jam
1180 2628 1271 2688 quum

191 2711 243 2770 alii
265 2716 329 2770 tum
351 2711 612 2770 Delbriickius
635 2710 786 2788 (Ablativ,
809 2711 941 2783 Localis,
964 2711 1207 2770 Instrumentalis
1229 2712 1270 2769 im

190 2815 412 2889 Altindisohen,
431 2815 653 2886 Lateinischen,
671 2815 885 2874 Griechisohen
899 2815 961 2872 und
976 2814 1158 2873 Deutschen.
1192 2815 1269 2874 Borl.

194 2918 288 2996 1867)
311 2918 534 2986 intellexerant,
558 2919 731 2992 genetivum
753 2936 891 2990 graecum
915 2937 975 2975 non
998 2917 1092 2976 solum
1108 2917 1269 2991 genuinum

191 3040 257 3079 esse
280 3021 452 3094 genetivum
482 3022 533 3079 sed
556 3041 680 3080 munera
707 3020 796 3078 etiam
819 3020 942 3081 ablativi
967 3021 1140 3098 suscepisse.
1187 3021 1270 3078 lllius

193 3124 321 3202 quidem,
346 3143 434 3202 quem
456 3124 675 3184 adnominalem
698 3143 763 3182 esse
787 3123 939 3182 commode
955 3122 1067 3194 dicunt,
1091 3142 1125 3181 ee
1148 3129 1193 3181 est
1214 3123 1269 3195 vis,

192 3235 227 3285 nt
246 3227 413 3285 arctissima
428 3247 462 3285 eo
479 3227 665 3305 exprimetur
680 3225 833 3285 nominum
849 3226 974 3284 duorum
991 3226 1171 3301 conjunctio,
1195 3246 1270 3304 quae

192 3334 293 3388 tamen
317 3328 413 3408 qualis
436 3329 484 3400 sit,
506 3334 606 3387 utrum
628 3328 847 3406 possessionem
866 3328 1003 3400 designet
1024 3347 1062 3385 an
1078 3329 1270 3405 partitionem

193 3453 231 3492 an
264 3433 453 3513 qualitatem,
487 3433 584 3491 forma
614 3431 680 3508 ipsa
711 3431 834 3489 minime
865 3429 1059 3503 significatur.
1113 3431 1271 3507 Adjectiva

194 3543 307 3608 autern,
335 3535 493 3608 adverbia,
516 3537 608 3597 verba
630 3534 742 3593 ideirco
766 3538 883 3592 constat
904 3533 1069 3591 consociari
1093 3553 1158 3592 cum
1182 3555 1270 3608 gene·

194 3639 257 3700 tivo
281 3639 419 3713 genuino,
443 3638 683 3716 quandoquidem
707 3638 790 3695 notio
812 3635 873 3694 illis
897 3638 998 3694 subest
1020 3638 1189 3697 nominalis.

280 3741 345 3815 His,
367 3747 402 3800 ut
423 3743 517 3811 decet,
539 3740 707 3819 profligatis
727 3742 788 3815 jam
812 3740 919 3798 accedo
941 3740 978 3797 ad
1002 3739 1121 3814 singula
1137 3743 1268 3815 genetivi

196 3844 318 3918 genuini
340 3863 451 3919 genere
466 3845 676 3921 pertractanda
691 3843 918 3921 dispositionem
934 3847 1061 3915 secutus,
1086 3863 1174 3922 quarn
1190 3846 1271 3903 dedit

195 3946 450 4022 Holzweissigius.

633 4083 836 4095 -n—-n--n-a-
