2850 4590
590 350 822 417 -118-

170 507 252 570 ctivo
275 512 401 587 apparet
421 509 508 568 Itum.
527 507 602 568 759:
634 501 786 587 πράξομεν
815 499 857 578 cir
879 503 1023 592 μεταμίλη
1046 500 1142 578 πόνος
1165 509 1256 583 „effl-

170 611 282 672 ciemus
304 615 340 670 ut
361 611 544 691 poeniteat.“

255 706 427 788 ἀντιάζω,
450 715 531 794 quod
552 734 611 774 uno
635 713 756 774 omnino
778 715 844 774 loco
866 715 960 776 habet
975 713 1149 790 genetivum
1166 736 1255 777 eum·

170 837 228 898 que
250 816 297 877 rei
318 816 409 895 Soph.
428 817 475 877 El.
493 822 569 877 869:
594 811 690 891 τάφον
705 808 847 886 ἀντιάσας
861 816 1065 896 („sepulcrum
1079 817 1254 898 adeptus“)‚

172 920 252 999 apud
265 921 453 998 Aeschylum
469 919 628 996 colligatur
644 940 711 980 cum
727 919 898 981 accusativo
913 941 1059 1000 personae
1078 923 1134 996 Ag.
1151 924 1254 982 1516:

170 1015 307 1101 θυματήρ
331 1014 437 1101 πατέρ’
458 1016 623 1082 ἀντιάσασα
640 1021 825 1101 (Hesychius
848 1058 890 1068 -—
912 1014 1030 1104 ἀπαντᾷ
1052 1023 1208 1107 συναντᾷ).

259 1126 561 1206 προσικνοῦμοι.
607 1127 661 1186 ch.
687 1131 784 1185 1030:
818 1118 894 1208 τόξῳ
920 1118 974 1204 γάρ
998 1117 1081 1196 οάτις
1103 1119 1255 1203 πημάτων

172 1227 347 1309 προσίξεται.
392 1230 476 1290 Haec
506 1235 553 1290 est
582 1229 733 1308 scriptura
754 1229 875 1290 tradita.
921 1228 1099 1289 Schuetzius
1122 1229 1256 1309 conjecit

173 1330 301 1409 ἐφίξεται
330 1337 449 1393 secutus
472 1333 671 1394 Scholiastam
693 1335 751 1407 M.;
782 1336 865 1410 cujus
891 1335 967 1393 haec
995 1337 1046 1395 est¹
1067 1332 1254 1411 interpreta-

172 1436 215 1498 tio
235 1459 294 1496 -1
317 1430 476 1509 ἐφικέσθαι
492 1437 545 1494 τοῦ
559 1429 684 1512 μήκους.
719 1438 911 1496 Hermannus
927 1438 1169 1516 praeponendam
1185 1457 1255 1498 esse

168 1537 376 1614 existimavit,
398 1559 486 1620 quam
508 1540 625 1619 recepit
646 1540 679 1599 in
700 1543 834 1613 textum,
865 1539 1082 1600 correctionem
1102 1539 1255 1600 Meinekii

173 1640 375 1718 προσθίξεται.
420 1644 461 1702 Et
475 1644 611 1722 profecto
627 1646 857 1721 προσικνεῑσθοι
870 1642 997 1722 reliquis
1012 1641 1086 1702 locis
1109 1647 1163 1703 aut
1185 1663 1255 1702 cum

173 1743 397 1824 praepositione
420 1742 469 1804 ίπί
484 1727 669 1806 construitur
690 1749 747 1820 Ag.
767 1747 837 1805 756.
860 1779 920 1819 —,
943 1750 996 1804 aut
1018 1766 1085 1805 cum
1099 1746 1181 1805 nudo
1206 1765 1255 1806 ac-

174 1847 309 1910 cusativo
338 1848 526 1927 „supplicem
555 1848 657 1908 edire“
685 1848 822 1908 indicans
846 1850 899 1909 ch.
926 1853 1006 1908 1032
1037 1868 1132 1928 aeque
1162 1852 1255 1928 atque

176 1948 356 2022 ἐξικνεῖσθαι
384 1947 444 2025 (sus
470 1955 527 2026 Ag.
553 1956 623 2011 290.
668 1944 745 2029 πρός
774 1972 841 2012 cum
865 1971 961 2012 accus.
990 1952 1040 2012 Pr.
1065 1951 1136 2011 791.
1180 1953 1255 2012 nud.

175 2075 271 2115 accus.
294 2058 351 2130 Ag.
377 2054 447 2115 267.
480 2057 567 2115 Eum.
595 2061 686 2116 1004.
720 2057 770 2115 Pr.
795 2055 879 2134 808).
923 2056 972 2114 Ad
1000 2053 1256 2114 constructionem

175 2156 271 2234 igitur
294 2159 375 2238 quod
396 2157 523 2232 attinet,
546 2158 694 2218 Meinekii
716 2161 887 2236 conjectura
909 2155 1101 2235 προσθίξεται
1125 2156 1257 2216 forsitan

175 2262 288 2322 habeat
309 2261 606 2322 commendationem.
652 2260 738 2326 Quod
768 2282 841 2323 vero
863 2262 952 2321 docet
972 2261 1164 2319 Hermannus
1193 2281 1257 2320 non

177 2384 241 2423 esse
265 2363 424 2439 credibile,
457 2368 495 2427 ab
517 2367 669 2444 Aeschylo
698 2364 779 2425 idem
802 2366 931 2426 verbum
952 2363 1095 2422 iteratum
1124 2383 1188 2422 esse
1212 2362 1256 2441 (.

179 2465 283 2545 1032.)
310 2466 343 2526 id
366 2489 455 2548 quam
482 2468 523 2528 sit
549 2468 637 2548 parvi
659 2467 805 2529 momenti
826 2467 1022 2528 manifestum
1044 2471 1103 2540 est,
1134 2470 1257 2526 utrem

177 2570 350 2631 confirmem
373 2572 519 2650 exemplis
543 2572 694 2650 pauculis,
724 2592 758 2631 eo
782 2572 862 2652 quod
884 2575 974 2649 poeta
995 2569 1077 2648 Sept.
1094 2573 1172 2627 495:
1204 2560 1257 2628 ἐπ’

177 2666 314 2743 ἀσπίδος.
358 2673 399 2735 ib.
418 2680 496 2735 503:
521 2668 569 2734 ἐπ’
595 2668 729 2734 ἀσπίδων
751 2673 827 2734 dicit
841 2674 995 2749 neglecto,
1019 2673 1098 2752 quod
1117 2670 1257 2749 proxime

177 2777 332 2855 praecedit
353 2799 382 2839 v.
400 2783 479 2837 493:
505 2772 552 2836 ἐπ’
579 2772 725 2850 ἀσπίδων,
749 2778 829 2858 quod
850 2775 966 2839 vicinos
989 2795 1096 2836 versus
1118 2774 1172 2834 ch.
1192 2779 1255 2833 692

179 2884 209 2939 et
229 2884 289 2939 695
314 2871 542 2957 ἀμοιοιείεάτως
564 2881 678 2941 claudit
694 2883 839 2940 exeuntes
862 2878 895 2938 in
916 2871 953 2936 τά
976 2871 1151 2957 πρόσφορα,
1176 2879 1258 2956 quod

178 2982 309 3063 denique
332 2976 425 3062 κάρτα
448 2984 628 3063 particulam
657 2982 769 3063 repetit
791 2983 895 3062 Suppl.
912 2984 983 3040 431.
1007 2986 1079 3041 433.
1103 2984 1163 3040 435
1187 3000 1258 3041 ver·

180 3084 262 3146 sibus
291 3106 355 3146 sese
385 3086 617 3167 excipientibus.
662 3087 766 3165 Suppl.
784 3090 845 3144 402
867 3084 1017 3163 repetitur
1045 3084 1125 3164 quod
1146 3104 1176 3144 v.
1193 3089 1257 3144 392

179 3186 291 3249 dicitur
311 3188 345 3248 in
366 3211 472 3251 versus
494 3191 569 3250 fine:
602 3187 763 3269 φροντίδος
792 3189 948 3267 σωτηρίου.
981 3220 1023 3231 -
1050 3186 1135 3246 Talia
1161 3186 1260 3262 igitur

178 3292 371 3354 Hermannus
399 3294 437 3354 ad
459 3295 604 3356 tuendum
631 3293 715 3354 illam
745 3291 926 3353 sententiam
947 3289 1095 3351 Meinekii
1122 3310 1183 3350 non
1205 3290 1259 3349 de-

178 3394 247 3456 buit
269 3396 413 3474 proferre.
1199 3384 1201 3393 Α

265 3499 379 3560 Eadem
402 3501 603 3580 explicatione
629 3521 688 3581 qua
710 3503 873 3562 verborum
896 3494 1098 3577 consequendi
1127 3495 1259 3573 comple·

181 3606 245 3661 ctar
267 3607 449 3664 structuram
471 3603 569 3665 vocis:
594 3601 824 3682 ἐπακρίζειν
846 3599 993 3680 Aeschyli
1011 3598 1179 3678 propriam:
1202 3598 1259 3658 ch.

182 3710 257 3766 925:
281 3707 397 3764 πολλῶν
420 3700 551 3782 οίμάτων
567 3701 723 3785 ἐπήκρισεν
741 3701 746 3766 1
767 3698 884 3782 τλήμων
905 3695 1051 3783 Ὀρέστης.
1095 3703 1134 3761 In
1156 3701 1259 3762 Schol.

181 3812 238 3870 M.:
263 3799 311 3867 ἔπ’
335 3800 429 3889 ἀκρον
450 3795 533 3886 ἦλθε.

266 3913 394 3974 Verba
416 3912 635 3975 aberrandi.

268 4006 478 4094 ἀμαριάνω.
524 4014 689 4077 Genetivus
712 4020 759 4075 est
776 4011 968 4076 substantivi.
1012 4014 1069 4088 Ag.
1087 4016 1165 4071 20οι
1188 4008 1262 4088 ξυμ-

183 4119 289 4199 μαχίας
311 4111 459 4199 ἀμαρτεάν.
502 4119 543 4180 ib.
561 4123 637 4178 513:
665 4119 718 4176 τοῦ
741 4114 847 4196 ῥυσίου
869 4110 991 4192 ἥμαρτε.
1021 4148 1064 4158 -·
1091 4114 1133 4175 ib.
1159 4117 1261 4178 1635:

183 4218 341 4304 σοίφρονος
372 4214 491 4304 γνώμης
521 4215 551 4280 δ’
584 4212 753 4300 ἀμαρτητον
775 4218 837 4299 (Sic
860 4220 901 4280 M.
924 4219 1131 4280 Hermennus:
1163 4206 1260 4300 ἀμαρ-
