2850 4590
600 302 815 369 ..91-

170 457 351 537 interpretes
382 458 542 539 plerosque
574 464 609 519 nt
642 459 700 521 sibi
732 461 959 523 assentirentur.
1012 462 1099 522 (terte
1130 460 1250 542 quidem

171 561 318 622 rationem
344 561 516 635 Schuetaii‚
547 561 645 643 quoad
675 559 741 634 ἴσος
771 565 912 642 adjectivi
941 564 985 625 ita
1014 585 1080 626 cum
1110 564 1249 640 genetivo

172 664 335 724 eonsuuoti
364 666 536 741 exemplum
565 671 697 744 ponatur
728 667 883 727 definitum
914 672 1005 749 atque
1035 669 1250 740 confirmatum,

170 766 332 846 plurimum
353 769 501 848 proficere
524 774 555 830 et
576 769 679 831 valere
701 775 838 848 apertum
860 775 913 830 est

609 1027 814 1038 -ι--.-.--

677 1233 742 1311 IV.

356 1389 412 1460 Da
437 1390 617 1480 genetivo
644 1389 843 1464 adverbiis
869 1390 1062 1486 adjuncto.

697 1579 722 1638 Ι.

256 1695 348 1755 Nulla
377 1695 456 1776 apud
478 1697 661 1776 Aeschylum
690 1698 891 1760 inveniuntur
919 1697 1062 1760 adverbia
1090 1703 1250 1776 propterea

171 1801 312 1876 genetivo
335 1819 472 1862 connexa
495 1802 574 1882 quod
596 1801 668 1861 ficta
689 1807 760 1861 sunt
782 1822 821 1863 ex
842 1800 1008 1879 adjectivis,
1033 1801 1141 1882 quibus
1160 1821 1250 1876 gaue-

170 1904 252 1966 tivus
281 1903 429 1964 subicitur
457 1904 614 1980 genuinus.
659 1908 760 1985 Atque
790 1904 880 1965 etiam
902 1924 995 1964 uuum
1023 1903 1118 1965 solum
1145 1905 1251 1966 adver-

170 2008 253 2070 bium
275 2007 424 2081 oarnitur,
454 1998 556 2080 υἷξίως,
586 2008 745 2068 deductum
766 2010 804 2068 ab
827 2008 992 2086 adjectivo,
1023 2008 1070 2068 cui
1093 2008 1250 2084 genetivus

173 2111 299 2196 ablativi
322 2110 388 2172 vioe
410 2111 539 2186 fungens
561 2111 637 2171 solet
659 2111 787 2188 apponi:
818 2112 871 2172 ch.
897 2115 973 2171 688:
1005 2103 1090 2170 οὕτω
1111 2104 1251 2188 κυρήσεις

171 2218 256 2293 μεῖον
287 2205 376 2286 ἀξίως
407 2210 512 2287 σέθεν,
545 2214 597 2273 ubi
631 2219 731 2274 tamen
763 2214 905 2277 Pauvvius
937 2213 1111 2274 auctoritati
1140 2234 1250 2293 parans

170 2318 356 2379 scholiastae
370 2320 411 2378 M.
435 2317 529 2396 (‚‚coiv
544 2333 591 2377 σοι
608 2308 700 2389 α’ξίωυ
715 2318 842 2397 κιμσῑν“)
865 2317 1056 2378 scribendum
1078 2337 1142 2377 esse
1165 2317 1251 2378 duxit

170 2413 273 2497 ἀξίων,
305 2423 384 2502 quod
414 2423 620 2499 probaverunt
651 2421 827 2482 Schuotnius
859 2427 890 2481 et
921 2421 1122 2481 Blomfieldus.
1175 2420 1250 2479 Din-

171 2526 282 2586 dorflus
305 2524 434 2603 conjecit
456 2517 548 2597 υέξίυς,
572 2527 765 2586 Hermonnus
779 2544 852 2588 vero
875 2524 989 2585 servari
1012 2544 1101 2603 posse
1123 2523 1251 2584 arbitra-

170 2633 221 2690 tur
243 2622 342 2700 ἀξίως.
387 2629 465 2688 conf.
488 2627 569 2706 Sept.
592 2634 649 2688 23:
673 2629 770 2698 καλῶς
790 2620 827 2687 toi
849 2626 939 2687 πλείω
962 2619 1092 2702 πόλεμος
1114 2623 1147 2686 ἐκ
1169 2628 1251 2686 θεῶν

170 2733 263 2811 κυρεῖ.
313 2734 369 2806 Ag.
396 2735 492 2791 1325:
522 2722 673 2810 Ἀτρείδην
704 2725 812 2790 εἰδέναι
840 2721 994 2809 κυροῦνθ’
1025 2724 1116 2801 ὅπως.
1167 2731 1249 2808 Sept.

171 2840 249 2896 682:
279 2827 374 2904 κακὰς
403 2825 440 2894 osi
469 2825 598 2918 κεκλήσῃ
628 2832 695 2912 βίον
725 2820 759 2893 εὖ
787 2825 924 2913 κυρήσας
953 2839 1084 2915 atquae
1113 2833 1251 2894 dicentur

170 2959 194 2998 s.
216 2938 236 3000 l.
851 2933 853 2938 ⁸

690 3125 732 3187 11.

255 3249 360 3322 Longe
388 3246 537 3327 longeque
566 3246 810 3327 frequentissime
839 3266 875 3307 ea
902 3247 1081 3325 copulantur
1108 3246 1250 3309 adverbia

171 3371 237 3412 cum
267 3351 408 3426 genetivo
439 3370 515 3430 quae
545 3370 580 3410 eo
610 3352 689 3432 quod
720 3370 805 3411 casus
831 3351 929 3411 forma
957 3351 1090 3426 obriguit
1112 3386 1152 3394 —
1175 3352 1249 3411 haec

170 3453 277 3514 iisdem
298 3453 399 3516 verbis
421 3455 459 3513 ab
481 3452 714 3529 Holaweissigio
737 3455 886 3515 transfero
919 3489 962 3498 —
993 3474 1031 3514 ex
1053 3453 1249 3514 substantivis

171 3557 402 3638 nominibusque
425 3557 612 3619 substantiva
635 3557 742 3636 positis
764 3562 831 3618 orta
852 3562 932 3618 sunt.

676 3745 745 3826 tl·

257 3866 392 3926 Primum
413 3868 578 3928 disseratur
607 3868 643 3926 da
665 3867 840 3946 impropriis
870 3887 944 3948 quas
967 3868 1071 3927 dicunt
1097 3868 1249 3946 praeposi-

171 3970 315 4031 tionibus.

257 4073 288 4152 a)
309 4074 357 4133 Ad
378 4074 437 4133 hoc
459 4095 553 4150 genus
574 4073 723 4153 imprimis
752 4079 851 4135 statuo
874 4075 1026 4152 pertinere
1049 4075 1170 4138 voculas
1198 4095 1249 4136 aas

172 4198 249 4259 quae
264 4176 443 4239 substantivi
458 4179 585 4240 formam
600 4179 748 4239 sinceram
762 4178 969 4260 integramque
984 4185 1248 4242 conservaverunt.
