2850 4590
594 356 637 366 ..
680 321 721 386 93
763 358 806 368 .-

249 480 278 538 b.
312 476 455 536 Rarius
478 475 615 556 (septies)
638 497 702 550 res,
726 496 802 556 quae
824 476 949 554 ponitur
968 476 1002 535 in
1024 475 1174 551 genetivo,
1194 474 1241 534 in·

165 579 264 640 anima
286 584 341 640 est.

248 684 330 762 Sept.
349 687 405 742 85:
428 675 577 758 ἀμαχέτου
594 680 682 742 δίκαν
698 675 808 753 ὕδατος
824 675 986 761 ὀροτύπου.
1023 685 1080 757 Ag.
1098 687 1173 742 284:
1197 678 1240 741 δί-

163 807 219 862 κην
248 784 380 863 φαιδρᾶς
409 777 540 862 σελήνης.
584 786 625 846 ib.
644 791 723 846 469:
757 779 919 862 ὀνειράτων
949 784 1044 862 δίκην.
1089 785 1241 844 simillime

162 887 203 949 ib.
221 894 299 949 943:
330 887 419 947 δίκαν
441 886 606 966 δυσκρίτων
628 881 800 969 όνειράτων.
844 889 886 950 ih.
906 893 1004 948 1135:
1037 881 1170 964 κύματος
1199 885 1241 946 δί-

162 1012 227 1067 κην.
272 992 314 1053 ib.
333 995 430 1051 1183:
455 990 541 1069 δίκην
571 985 643 1069 άτης
671 991 830 1072 λαθραίου.
874 993 931 1068 frg.
950 997 1028 1052 308:
1058 985 1131 1050 παῦ’
1159 985 1240 1071 ὕδωρ

163 1093 249 1171 δίκην
271 1087 376 1174 πυρός.

177 1265 180 1271 ,
248 1190 403 1276 τρόπον.
450 1201 508 1273 Ag.
525 1203 582 1258 49:
605 1191 718 1276 τρόπον
736 1195 894 1276 αἰγυπιῶν.
931 1197 1069 1259 ib.375:
1093 1199 1188 1257 κακοῦ
1210 1192 1242 1257 δὲ

161 1301 271 1378 χαλκοῦ
286 1294 407 1378 τρόπον.
452 1302 559 1361 Paullo
575 1301 696 1363 diversa
718 1302 869 1362 sententia
884 1304 1019 1379 subjecta
1041 1306 1088 1362 est
1110 1304 1164 1362 sub
1180 1303 1241 1361 lor-

161 1405 244 1463 mula
259 1400 290 1462 ἐν
306 1395 436 1481 τρόποις,
452 1424 542 1483 quam
555 1404 692 1484 sequitur
704 1404 863 1480 genetivus
878 1424 1074 1482 personarum
1091 1407 1148 1480 Ag.
1165 1410 1240 1464 882:

161 1503 212 1566 καλ
235 1498 323 1565 τάλλα
350 1498 391 1582 μή
419 1499 562 1584 γυναικός
594 1504 625 1566 ἐν
655 1502 779 1590 τρόποις
801 1504 878 1592 ἐμὲΙΙ
896 1501 1014 1588 άβρυνε.
1058 1510 1145 1569 Eum.
1164 1509 1241 1568 437:

162 1611 273 1670 (lonfer
295 1609 386 1671 etiam
409 1610 462 1670 (lh.
480 1615 557 1670 466:
579 1604 734 1689 τρόποισιν
757 1603 794 1669 οὖ
817 1614 1006 1687 τυραννικοῖς
1028 1607 1142 1670 θανιόν.

250 1707 379 1790 ἰότητι.
424 1713 587 1774 Familiare
610 1719 656 1774 est
677 1716 736 1774 hoc
758 1717 886 1776 verbum
901 1716 1043 1788 Homero,
1066 1715 1119 1795 qui
1141 1719 1242 1774 tamen
1365 1774 1368 1780 .

162 1818 338 1894 genetivum
368 1823 485 1879 tantum
514 1817 659 1898 personae
687 1819 837 1880 adnectit:
870 1819 1075 1882 accusativum
1103 1818 1240 1880 videmus

160 1923 198 1980 11.
215 1921 285 1995 XV,
308 1926 366 1981 41:
390 1915 432 1982 δι’
458 1915 533 1998 ἐμήν
556 1915 665 1998 ίότητα.
691 1959 728 1968 -
752 1923 940 2001 Hesychius:
972 1917 1127 2000 βουλήσει,
1151 1919 1240 2005 αἰτίη,

162 2017 252 2109 όρμή,
281 2018 386 2103 χάριτι.
431 2025 593 2105 Expromit
621 2026 722 2086 nescio
753 2026 826 2106 quid
851 2026 1113 2105 interpretationis
1141 2028 1240 2088 Schol.

160 2129 203 2188 H.
226 2129 265 2187 ad
279 2130 329 2188 Pr.
346 2133 423 2189 552:
447 2128 564 2212 πορείᾳ,
588 2122 671 2209 παρά
694 2123 726 2189 τό
749 2127 838 2205 ἰέναι,
862 2131 898 2212 τῇ
913 2123 1040 2213 συνόδῳ.
1084 2129 1241 2203 Vocabuli,

161 2232 242 2311 quod
264 2234 302 2292 ad
322 2231 454 2293 radicem
477 2229 506 2290 ίσ
528 2238 575 2293 est
596 2234 816 2307 revocandum,
848 2253 967 2293 causam
990 2238 1076 2295 acute
1099 2233 1242 2294 enodavit

161 2334 327 2396 curtius
350 2337 398 2396 Et.
418 2337 432 2375 ⁴
458 2358 487 2415 p.
505 2341 577 2396 404.
621 2338 791 2415 Aeschylus
821 2358 880 2397 uno
903 2339 970 2397 loco
993 2336 1131 2415 adjungit
1152 2356 1242 2412 gene·

162 2437 260 2500 tivum
283 2459 410 2519 eumque
432 2439 478 2499 rei
499 2441 549 2499 Pr.
568 2444 643 2499 552:
668 2433 759 2498 ἰότατι
782 2433 893 2518 γάμων.

247 2541 394 2603 Βελίτταν
408 2541 549 2621 primitus
572 2542 666 2603 fuisse
688 2548 798 2621 putant
819 2543 911 2603 etiam

248 2639 372 2717 ἕκατι,
396 2643 444 2704 cui
467 2644 610 2707 adverbio
632 2645 665 2705 in
688 2647 823 2724 Odyssea
844 2651 963 2707 tantum
986 2646 1155 2707 occurrenti
1177 2647 1240 2705 Ho-

160 2766 261 2805 merus
282 2767 343 2806 non
366 2746 450 2806 addit
464 2748 639 2822 genetivum
661 2749 721 2808 nisi
741 2751 874 2809 deorum.
918 2749 1044 2809 Homeri
1066 2748 1239 2825 ingrediens

160 2847 298 2924 vestigiis
312 2851 483 2927 Aeschylus
505 2850 550 2910 ita
566 2852 664 2912 utitur
679 2852 821 2928 genetivo
837 2873 997 2932 personae,
1020 2857 1055 2912 ut
1069 2854 1144 2912 haec
1166 2853 1239 2912 deus

160 2951 276 3013 sittch.
293 2957 371 3012 206:
395 2951 422 3011 τί
444 2954 499 3012 νῦν
521 2950 603 3014 ἕκατι
626 2948 779 3032 δαιμόνων
801 2957 893 3035 κυροῖ.
938 2956 1038 3016 Schol.
1053 2957 1114 3016 M.:
1137 2956 1163 3015 τί
1185 2957 1240 3015 νῦν

158 3047 301 3133 λαμβάνω
324 3051 357 3115 ἐκ
379 3049 546 3133 δαιμόνωνς
569 3057 649 3128 τίνος
672 3052 727 3138 γάρ
750 3051 808 3136 ήδη
826 3054 967 3135 ἐπέτυχον
990 3050 1051 3117 dno*
1075 3060 1173 3132 θεῶν;
1197 3094 1239 3104 —-

158 3158 199 3220 ib.
217 3164 295 3219 424:
318 3154 400 3218 ἕκατι
422 3153 474 3233 μὲν
498 3152 659 3236 δαιμόνων.
688 3163 792 3221 llum.
814 3161 891 3221 749:
928 3157 1082 3231 Παλλάδος
1103 3157 1153 3221 καί
1176 3164 1240 3222 Λο-

159 3260 224 3333 ξίου
244 3262 249 3344 Ι
268 3258 351 3322 ἕκατι
365 3259 414 3320 καί
434 3263 489 3320 τοῦ
505 3255 603 3321 πάντα
619 3261 792 3343 κραίνοντος
808 3263 908 3343 τρίτον
927 3259 932 3345 Ι
952 3265 1094 3343 σωτῆρος.
1139 3265 1238 3324 Schol.

158 3367 216 3425 M.:
239 3367 294 3424 τοῦ
318 3358 402 3435 Διός.
448 3366 501 3425 sed
531 3369 632 3426 tamen
659 3368 836 3447 frequenter
863 3366 1003 3442 indulget
1024 3367 1165 3442 genetivo
1193 3368 1239 3428 rei

158 3468 241 3529 Pers.
258 3474 336 3530 335:
359 3461 499 3546 πλήθους
521 3464 575 3545 μὲν
598 3461 635 3528 άν
649 3463 725 3545 σάφ’
751 3462 819 3529 ἴσθ’
842 3466 922 3530 ἕκατι
944 3464 1107 3550 βαρβάρων
1126 3470 1131 3554 Ι
1150 3468 1238 3530 ναυσὶ

157 3573 311 3651 κρατήσαι.
340 3577 398 3650 Ag.
412 3578 490 3634 838:
513 3567 633 3634 τοιάνδ’
653 3570 735 3634 ἕκατι
750 3568 911 3652 κληδόνων.
944 3577 999 3636 ch.
1013 3579 1091 3634 425:
1109 3571 1190 3633 ἕκατι
1207 3560 1240 3633 δ’

158 3665 239 3751 άμάν
260 3678 361 3756 χεροῖν.
405 3677 447 3740 ib.
465 3682 542 3738 682:
572 3670 629 3757 ἐμοί
652 3673 706 3753 μὲν
729 3667 782 3738 οδν
804 3675 931 3751 ξένοισιν
954 3665 1013 3737 οἷδ’
1036 3670 1208 3755 εὐδαίμοσιν
1234 3674 1238 3758 Ι

157 3775 270 3838 κεδνῶν
285 3776 367 3840 ἕκατι
382 3773 565 3861 πραγμάτων
581 3772 619 3839 dlv
633 3774 745 3858 ήθελον
763 3781 767 3862 Ι
787 3774 919 3863 μνωστός
930 3777 1070 3862 γενέσθαι
1085 3777 1135 3839 καλ
1151 3778 1237 3852 ξενω-

157 3882 258 3958 θήναι.
291 3882 332 3945 ib.
350 3889 428 3944 993:
451 3875 561 3960 τόλμης
579 3879 659 3945 ἕκατι
675 3879 821 3945 κάνδίκον
838 3878 1039 3966 φρονήματος.
1075 3886 1161 3945 Eum.
1179 3885 1236 3944 71:

157 3987 258 4045 κακῶν
281 3977 312 4044 δ’
334 3982 416 4046 ἕκατι
437 3977 605 4067 κάγένοντο.
650 3990 750 4050 Schol.
768 3990 827 4050 H:
855 3985 954 4048 ἕνεκεν
977 3989 1029 4047 τοῦ
1051 3991 1236 4047 κακοποιεῖν.

241 4088 305 4173 βίμ
327 4089 411 4170 (Ipso
434 4092 626 4156 substantivo
647 4090 713 4170 βία
734 4093 912 4174 neutiquam
933 4093 979 4153 uti
1000 4092 1167 4153 Homerum
1190 4097 1236 4154 te·
