2850 4590
607 295 821 362 ..12-

175 443 269 511 πόλιν.
315 453 354 513 ib.
380 458 457 513 805:
483 445 610 528 Κάδμον
632 447 775 532 πύργους.
815 458 871 527 Ag.
898 459 966 528 122,
991 460 1060 527 254,
1085 461 1155 527 685,
1181 456 1251 528 776,

179 559 275 614 1290:
309 549 451 629 Πριάμου
473 548 566 624 πόλις.
611 560 696 616 Eum,
721 563 798 617 693:
831 553 970 626 Πέλοπος
999 555 1031 616 ἐν
1053 551 1165 626 τόποις.
1209 560 1250 618 ib.

178 664 253 716 839:
277 651 366 733 δόμοι
380 651 552 734 Ἐρεχθέως.
588 660 699 737 duplex
722 660 856 719 cernitur
878 661 1035 734 genetivus
1057 659 1158 737 Suppl.
1178 665 1252 719 532:

179 754 370 838 Τεύθραντος
394 752 468 818 dccv
491 761 618 819 Moooiv.

259 864 364 943 Neque
394 864 591 923 omittendum
621 872 666 924 est
695 865 834 924 similiter
864 867 1026 925 secundum
1056 885 1156 925 casum
1181 865 1249 923 addi

174 986 275 1025 aarum
294 987 498 1044 personarum,
521 987 539 1026 a
560 968 668 1048 quibus
691 968 804 1048 aliquid
829 989 938 1028 nomen
961 969 1074 1028 tenuit:
1097 970 1178 1026 Pers.
1196 969 1251 1026 7οι

175 1062 316 1147 πορθμός
329 1062 668 1145 ἈθαμαντίδοςἝλλας.
701 1066 891 1147 713ιἝλλοχς
906 1064 1056 1150 πορθμός.
1088 1070 1158 1128 790.
1176 1075 1252 1128 864:

173 1164 286 1240 ιιόλπος
305 1162 385 1242 Ῥέας
407 1175 456 1232 Ρι.
481 1178 552 1232 835.

259 1276 315 1333 Sed
345 1281 380 1334 ut
408 1275 445 1332 ad
468 1276 678 1352 praecedentia
700 1276 754 1335 illa
775 1279 911 1354 redeam,
941 1278 1007 1354 pari
1030 1275 1154 1336 consilio
1177 1276 1251 1334 dicit

173 1383 262 1454 poeta
283 1378 363 1454 Sept.
391 1382 422 1436 1:
448 1371 576 1452 Κάδμου
599 1380 723 1447 πολῖται,
748 1379 836 1453 circe,
862 1380 913 1458 qui
937 1379 1021 1458 quasi
1045 1384 1115 1437 sunt
1137 1378 1248 1451 Cadmi,

172 1481 296 1539 honoris
319 1500 407 1539 causa
429 1481 472 1540 ita
494 1481 666 1561 adloquitur
683 1483 830 1541 Eteocles.
865 1483 949 1540 Eum.
970 1485 1066 1539 1021:
1092 1473 1248 1548 Παλλάδος

172 1576 283 1651 ἀστοῖς.

259 1685 378 1745 Pariter
392 1687 531 1747 Minerva
553 1686 626 1747 dicit
648 1687 848 1759 Athenienses
863 1688 948 1745 Eum.
966 1691 1043 1744 846:
1066 1679 1136 1754 νοός
1159 1679 1251 1760 ἕμοός

172 1780 290 1856 άστοός.
334 1789 375 1846 ib.
396 1789 472 1848 752:
496 1790 535 1868 τῷ
559 1791 747 1871 σῷστρατῷ.
770 1823 813 1833 -
836 1790 1028 1866 Quapropter
1049 1785 1189 1847 notiones
1212 1789 1250 1847 si·

172 1889 258 1949 miles
281 1899 371 1970 atque
400 1892 471 1951 illae
494 1893 633 1967 genetivo
666 1892 796 1951 nominis
818 1893 941 1952 deorum
963 1893 1168 1967 adjunguntur
1191 1911 1249 1970 quo

172 1999 316 2070 appareat
337 2014 400 2053 rem
416 1995 461 2053 dis
477 2015 541 2054 esse
557 2015 671 2054 sacram
685 1995 734 2056 vel
757 1995 876 2054 defendi
892 2014 994 2052 eorum
1010 1993 1111 2052 tutela.
1146 1994 1248 2071 Suppl.

176 2100 250 2155 179:
274 2090 371 2174 πάγον
393 2131 434 2140 -
457 2091 544 2156 τῶνδ’
566 2091 703 2175 άγοινίοιν
726 2099 815 2156 θεῶν.
849 2097 952 2174 Suppl.
971 2101 1046 2154 538:
1069 2097 1120 2163 τᾶς
1141 2086 1248 2173 Ἀφρο-

171 2197 252 2267 δίτας
275 2193 449 2279 πολύπυρον
470 2191 546 2258 αίαυ.
590 2203 672 2259 Pers.
690 2206 767 2259 205:
791 2192 899 2277 ἐσχάρα
924 2197 1051 2272 Φοίβου.
1091 2202 1170 2257 345:
1193 2191 1247 2255 πό-

170 2304 215 2370 λις
249 2296 405 2370 Παλλάδος
436 2303 512 2372 θεάς
542 2305 628 2363 Ειιιιι.
653 2303 702 2376 79,
733 2305 804 2376 762,
836 2307 906 2360 995.
958 2303 1043 2360 Eum.
1073 2306 1126 2361 10:
1157 2293 1249 2369 ἀκτάς

171 2398 343 2483 ναυπόρους
374 2397 427 2474 τάς
459 2397 626 2480 Παλλάδος.
678 2410 734 2479 Ag.
763 2406 840 2464 272:
869 2397 988 2486 Ἀθῷον
1019 2394 1109 2473 αἶπος
1143 2397 1248 2479 Ζηνός.

172 2509 225 2567 ch.
252 2513 348 2567 1033:
379 2505 493 2578 Λοξίου
516 2503 617 2566 πέδον.
662 2510 742 2568 Pers.
769 2508 844 2567 737:
874 2500 1033 2585 Βόσπορον
1060 2500 1133 2585 ῥόον
1160 2509 1246 2564 θεοῦ.

171 2610 270 2669 Schol.
292 2611 348 2670 M.:
379 2603 429 2669 διά
452 2604 484 2669 τό
508 2608 651 2689 ἱδρῦσθαι
674 2603 787 2668 αὐτόθι
809 2603 884 2678 Διός
906 2603 997 2687 ίερόν,
1027 2600 1067 2678 οἷς
1091 2605 1247 2677 Μνασέας.

170 2715 255 2770 Ειιιιι.
274 2718 349 2772 842:
373 2710 404 2771 ἐν
426 2706 543 2772 τόποισι
565 2717 627 2783 τοῖς
650 2711 753 2789 ἐμοῖσι.
787 2714 864 2772 Sunt
885 2716 960 2772 haec
982 2715 1075 2774 verba
1093 2712 1246 2772 Minervae

170 2816 207 2873 ad
233 2817 411 2875 Athenas
433 2818 624 2894 pertinentia.
669 2818 750 2894 Sept.
779 2820 852 2876 103:
877 2809 1051 2894 προδόσεις,
1075 2815 1247 2890 παλαίχθων

173 2909 298 2999 λ’Ἀριχς,
322 2911 375 2976 τάν
397 2913 465 2977 τεάν
486 2954 527 2963 -
550 2920 619 2981 vide
641 2921 742 2978 adnot.
766 2919 864 2978 Schol.
887 2921 927 2977 Μ.
950 2953 992 2962 -
1020 2921 1057 2979 cf.
1080 2921 1166 2978 Eum.
1190 2923 1246 2976 24:

174 3014 305 3098 Βρόμιος
327 3017 385 3097 ἔχει
406 3014 459 3080 τόν
481 3023 587 3100 χῶρον.

258 3124 453 3198 Articulo,
484 3127 562 3206 quod
584 3125 747 3185 maximum
770 3130 829 3198 est,
860 3125 1017 3198 genetivus
1040 3125 1109 3183 talis
1130 3144 1246 3201 posscs-

171 3226 252 3285 sivus
276 3246 463 3306 nequaquam
486 3235 532 3288 est
552 3229 714 3306 praeditus,
746 3249 834 3308 quam
857 3229 981 3286 obrem
1004 3228 1122 3302 egregie
1143 3227 1245 3303 Suppl.

172 3334 242 3400 538,
265 3329 315 3387 ubi
338 3331 402 3398 τᾶς
416 3322 594 3408 Ἀφροδίτας
608 3325 783 3408 πολύπυρον
798 3321 867 3387 οἷαν
889 3330 1000 3390 tradita
1022 3336 1068 3389 est
1089 3330 1245 3406 scriptura,

170 3432 362 3490 Hermannus
385 3433 556 3494 emendavit
577 3425 642 3490 τάν
663 3425 847 3511 Ἀφροδίτας.

677 3621 744 3700 ςι.

257 3728 393 3799 Orationi
423 3743 606 3819 Aeschyloac
636 3743 747 3802 eximia
776 3741 883 3800 deinde
912 3741 992 3800 inest
1020 3741 1103 3799 vocis
1129 3732 1246 3818 Ἐρινύς

170 3843 219 3902 vel
249 3843 390 3902 similium
419 3846 551 3920 ejusdem
582 3846 701 3920 generis
730 3858 796 3906 cum
822 3845 961 3917 genetivo
985 3844 1152 3920 possessivo
1176 3864 1245 3902 con·

167 3946 338 4020 jungendae
361 3949 552 4007 consuetudo.
597 3949 699 4008 Cuivis
721 3949 801 4007 enim
823 3948 937 4007 homini
968 3947 1053 4027 quasi
1083 3968 1153 4005 suae
1176 3954 1246 4006 sunt

170 4049 304 4108 addictae
326 4052 423 4110 furiae
447 4069 522 4129 quae
544 4050 678 4111 vindices
702 4072 803 4111 eorum
820 4071 895 4131 quae
910 4056 1086 4129 perpetrant
1107 4052 1244 4109 homines

169 4150 335 4211 facinorum
357 4152 502 4215 divinitus
526 4153 586 4213 sint
609 4154 789 4215 constitutae
807 4156 850 4231 (v.
867 4154 901 4214 Ο.
918 4154 1086 4215 Mueller
1107 4156 1145 4214 ad
1159 4156 1244 4214 Eum.
