2850 4590
610 302 823 397 ..rp-

178 456 236 517 hoo
250 455 431 533 adjectivum
454 456 586 535 (passive
609 463 655 517 est
669 457 801 536 positum
822 458 906 517 Pers.
924 460 995 518 543.
1008 456 1079 518 974.
1110 459 1168 534 Ag.
1183 456 1254 518 726.

181 557 285 637 1447),
308 557 507 640 similiterque
530 552 682 639 ἄκόρετος.

202 663 204 666 ’
264 653 481 738 ἄπήμαντος
503 663 593 742 (oonf.
610 662 756 737 Souligeri
776 662 927 738 insignem
943 665 1146 740 ooujeoturam
1168 665 1254 724 Eum.

178 763 256 824 477:
279 757 498 842 δυσπήμαντα).
543 769 599 842 Ag.
616 770 695 826 865:
719 762 792 825 toros
809 759 839 824 δ’
861 757 1045 843 οἷπήμαντον,
1069 757 1143 824 ὥστ’
1158 758 1254 847 ἄπαρ-

177 869 240 926 κεῑν
259 865 264 951 Ι
284 853 317 926 εὖ
340 865 500 945 πραπίδων
521 861 656 944 λαχόντα.
702 869 806 947 Suppl.
823 872 901 928 556:
926 859 1091 950 α’πημᾶντῳ
1114 864 1224 928 σθένει.

229 1037 240 1046 ¹,
263 962 535 1050 πᾶμφθαρτος.
561 972 615 1032 oh.
629 975 705 1032 288:
721 971 823 1041 κακοῖς
835 966 1046 1052 ταριχευθέντα
1057 963 1255 1055 παμφθάρτῳ

177 1065 270 1155 νόον·

264 1167 538 1260 ἐπίστρεπτος
549 1178 671 1260 „oeulos
681 1174 716 1236 in
727 1197 758 1236 se
770 1181 979 1239 eonvertens.“
1002 1178 1061 1238 Oh.
1075 1180 1168 1237 3402-
1178 1173 1254 1256 (ἐπι-

176 1273 319 1360 στρεπτδν
341 1277 406 1340 αἰῶ.
451 1281 550 1341 Sohol.
566 1285 625 1341 M.:
649 1271 690 1351 uic
713 1272 783 1350 τούς
804 1271 1000 1349 ὑπαντῶντας
1022 1276 1255 1358 ἐπιστρέφεσθαι

177 1376 254 1463 πρδς
272 1379 348 1442 θέαν
364 1374 458 1459 ἡμῶν.
493 1385 596 1464 Suppl
613 1388 691 1444 964:
715 1376 796 1462 ἄρον
822 1376 944 1459 ἐχούσας
967 1374 1047 1460 τήνδ’
1064 1379 1256 1463 ἐπίστρεπτον

176 1484 304 1567 βροτοῖς.
328 1487 406 1548 oonf.
428 1489 496 1547 edn.
519 1488 618 1549 Sohol.
635 1488 677 1547 M.

262 1581 485 1671 ἄφθεγκτος.
522 1592 609 1651 Ευυι.
627 1594 705 1651 243τ
728 1591 897 1668 μηνυτῆρος
915 1583 1092 1667 ἄφθὲγκτου
1114 1589 1255 1669 φραδαῖς.

262 1685 439 1764 ἄσαντος.
483 1695 536 1755 011.
554 1700 633 1755 410:
656 1686 747 1763 λύκος
762 1687 817 1773 yde
842 1685 915 1752 ὥστ’
931 1684 1084 1769 ον’μόφροον
1103 1690 1109 1776 Ι
1128 1683 1255 1764 ἄσαντος

177 1793 210 1857 ἐκ
225 1790 337 1875 ματρός
355 1793 416 1857 ἐστι
429 1789 539 1873 θυμός.
574 1798 673 1857 Sobel.
690 1799 748 1858 M.:
772 1788 979 1866 ἀκολάκευτος.
1015 1797 1135 1870 Omnes,
1158 1817 1252 1878 quan-

174 1904 240 1961 tum
261 1900 369 1974 video,
390 1899 587 1978 interpretes,
609 1900 761 1979 passivam
785 1921 848 1960 esse
870 1901 980 1962 volunt
1000 1901 1090 1976 hujus
1113 1900 1254 1962 vocabuli

176 2003 426 2078 significationem
440 2029 484 2054 =
499 2002 727 2081 „implaoabilis,
749 2025 811 2063 non
824 2003 1030 2063 muloeudus.“
1061 2003 1158 2063 Immo
1170 2024 1253 2077 vero,

176 2126 268 2187 quum
298 2107 400 2186 paullo
431 2099 501 2166 ante
528 2107 664 2182 legamus
686 2099 811 2184 πάρεστι
832 2104 942 2166 σαίνειν
963 2106 1059 2185 (Ιοουε
1087 2105 1160 2166 huio
1188 2107 1253 2165 fere

175 2208 328 2284 geminus,
350 2208 404 2270 ubi
426 2209 463 2268 de
483 2210 600 2269 leone
623 2213 669 2268 est
691 2229 803 2282 sermo,
825 2209 977 2288 reperitur
998 2212 1056 2284 Ag.
1073 2215 1150 2269 699:
1183 2229 1253 2284 φοι·
1314 2225 1323 2234 ’

176 2305 296 2391 δραπδς
317 2307 386 2373 ποτλ
408 2313 490 2390 χεῖρα
511 2310 630 2387 σαίνων)
651 2310 800 2390 Hesyohii
821 2317 939 2372 notam:
968 2305 1109 2383 ἄσαντος·
1130 2306 1168 2372 οὗ
1190 2311 1253 2373 σαλ-

175 2435 234 2477 νοιν
254 2417 315 2476 huo
336 2415 435 2494 ipsum
458 2435 546 2493 posse
567 2415 676 2475 referri
697 2413 814 2495 liquido
837 2419 970 2493 apparet.

260 2508 436 2588 ἄθικτος.
470 2519 556 2578 Eum.
575 2522 651 2578 694:
673 2515 790 2594 κερδῶν
805 2509 939 2577 ἄθικτον.
971 2519 1008 2578 de
1023 2519 1164 2595 genetivo
1180 2518 1251 2583 vide

173 2617 255 2678 infra
275 2653 318 2664 --
340 2619 472 2698 (passive
495 2624 541 2680 eet
562 2619 676 2681 diotum
697 2624 754 2696 Ag.
780 2624 850 2681 358.
895 2622 998 2703 Suppl.
1023 2620 1108 2700 543.)
1129 2657 1172 2667 -

261 2719 348 2786 Quod
362 2723 523 2804 praeeipue
539 2723 596 2800 egi,
618 2729 654 2785 ut
673 2723 892 2802 adjectivorum
906 2723 1074 2784 verbalium
1095 2725 1129 2785 in
1144 2760 1186 2769 —
1201 2746 1252 2796 τος

173 2824 375 2886 desinentium
402 2827 466 2889 vim
488 2827 618 2890 aotivam
639 2827 823 2888 declararem
844 2824 1050 2906 latissimeque
1073 2848 1141 2887 eum
1162 2849 1249 2888 usum

173 2933 277 3006 patere
300 2931 503 3005 ostenderem,
523 2932 586 3008 jam
606 2929 659 3006 iis,
682 2950 757 3011 quae
780 2929 870 2991 attuli
891 2929 1047 3007 exemplis,
1070 2929 1142 2991 satis
1165 2933 1248 2992 adse-

173 3036 260 3092 outus
283 3053 347 3116 esse
369 3033 484 3096 videor.
507 3069 550 3080 -

257 3136 413 3214 Ejusmodi
442 3142 543 3199 autem
572 3136 723 3217 adjeotiva
751 3156 818 3198 oum
847 3136 989 3212 genetivo
1020 3136 1072 3215 (so.
1104 3136 1249 3216 genuino)

169 3238 257 3316 jungi
279 3259 366 3318 posse
389 3239 439 3318 (de
458 3232 584 3311 ἄθικτος
605 3239 677 3302 ride
698 3239 790 3317 infra)
812 3238 1006 3299 manifestum
1028 3245 1082 3301 est.
1120 3242 1160 3300 Et
1181 3243 1248 3319 plus

172 3362 232 3401 uno
254 3342 321 3403 loeo
342 3343 431 3404 illum
453 3343 629 3420 genetivum
652 3341 792 3402 existimo
815 3362 863 3402 me
885 3343 1133 3419 deprehendisse:

258 3437 443 3524 ἄτρεστος.
476 3447 526 3507 Pr.
543 3450 621 3506 418:
645 3440 740 3530 μάχας
754 3438 895 3526 ἄτρεστοι.
940 3445 1105 3508 Genetivus
1120 3467 1180 3506 non
1202 3452 1250 3507 est

172 3548 291 3610 additus
313 3553 371 3626 Ag.
390 3552 489 3610 1356:
512 3541 641 3631 ἄτρέστφ
656 3546 766 3631 καρδίᾳ
788 3549 825 3608 of.
849 3550 940 3628 Soph.
957 3549 992 3609 0.
1007 3550 1044 3609 R.
1062 3553 1139 3609 885:
1163 3548 1253 3634 δίκας

173 3645 380 3731 ἄφόβητος

259 3752 473 3837 ἒρλδμητος.
518 3758 576 3830 Ag.
602 3758 701 3817 1416:
733 3749 798 3831 ἥτις
824 3741 864 3831 ἦν
889 3746 953 3814 τότ’
986 3751 1017 3815 ἐν
1039 3747 1249 3839 δόμοιςΙὲρις

173 3854 328 3937 ἕριδματος
343 3851 454 3938 ἄνδρδς
469 3852 558 3931 οἰζύς.
602 3857 778 3920 Blomfieldo
800 3857 915 3937 plaouit
936 3859 1016 3938 quod
1037 3858 1159 3920 invenit
1179 3861 1247 3920 Soa·

171 3959 251 4038 liger
267 3958 448 4042 lpldpuvroc:
493 3964 536 4022 At
557 3981 665 4024 verum
686 3960 767 4022 vidit
787 3963 995 4022 Hermannue:
1019 3957 1174 4037 ἐρίδματος
1195 3955 1245 4020 ἄν-

172 4057 245 4146 δρδς
267 4056 361 4139 ὀϊφᾶς
383 4071 429 4125 est
450 4062 605 4146 ἐρίδμητος
633 4099 674 4110 -
705 4063 839 4140 gravis
869 4063 1056 4125 domitrix
1084 4063 1161 4127 viri
1185 4085 1246 4125 oa-

170 4169 340 4231 lamitas.
