2850 4590
602 300 819 367 ..31-

173 454 352 534 suspicatus)
376 450 516 532 κατέχειν,
540 449 573 515 τδ
597 451 628 516 δέ
648 453 860 534 κερδαλέον
885 453 891 539 Ι
918 453 1045 534 πέμπειν
1067 450 1181 530 πόλεως
1204 454 1254 518 cat

171 558 249 641 νίκη.
283 558 338 636 (M.
361 551 493 636 άτήριον,
518 560 651 620 correxit
673 560 850 639 Bentleius.)
886 561 1050 629 Genetivus
1072 554 1170 641 χώρας
1191 567 1253 622 tam

171 663 209 722 ad
231 654 342 737 α’τηρόν
358 681 448 742 quam
471 663 507 721 ad
530 659 733 743 κερδαλέον
756 665 897 741 pertinet.
932 665 1016 724 Adeo
1032 684 1091 725 non
1109 667 1255 743 probatur

170 765 245 824 mihi
261 765 413 825 Schuetaii
434 765 648 844 interpretatio
670 769 727 841 „ad
749 767 829 828 mala
844 767 968 848 quaevis
990 770 1028 828 ab
1050 770 1108 829 hac
1129 769 1254 844 regione

171 870 299 929 arcenda
321 873 352 928 et
373 869 596 947 propulsanda“
619 871 697 951 quia,
720 892 792 930 num
816 871 860 931 ita
874 891 1015 952 umquam
1031 871 1164 932 construi
1186 893 1254 950 pos·

172 973 212 1031 sit
233 968 370 1048 κατέχειν,
399 972 487 1034 valde
510 973 628 1046 dubito,
659 979 693 1033 ut
715 980 821 1034 cont-ra
843 974 982 1034 similiter
1004 965 1116 1054 άτηράς
1137 980 1168 1035 et
1190 994 1255 1055 περ·

172 1070 276 1143 δαίέος
298 1075 448 1151 adjeotiva
471 1075 550 1136 dicta
571 1081 674 1154 putem
704 1097 771 1137 cum
793 1077 934 1152 genetivo
957 1083 1047 1157 atque
1070 1079 1156 1138 Eum.
1176 1079 1253 1139 791:

171 1177 341 1258 βρωτήρας
363 1171 472 1254 αἰχμάς
494 1173 670 1258 σπερμάτων
697 1173 868 1259 ἀνημέρους
900 1181 1104 1260 (Hermannus
1137 1182 1254 1242 censuit

171 1276 340 1359 ἀνημέρους
363 1301 430 1340 cum
446 1276 624 1361 σπερμάτων
636 1285 825 1361 jungendum
847 1305 921 1344 osse.
955 1284 1014 1344 Sed
1027 1284 1146 1345 facilius
1163 1306 1254 1360 gene-

170 1386 266 1447 tivum
288 1386 428 1463 suspendi
452 1387 490 1445 ab
511 1386 661 1463 adjectivo
682 1385 838 1466 βρωτῆρας
862 1388 979 1448 ostendi
1002 1407 1069 1466 pag.
1087 1386 1141 1468 ot)
1163 1394 1254 1469 atque

170 1488 260 1566 Soph.
284 1489 450 1549 Ant.187:
480 1488 569 1564 φίλον
599 1482 664 1547 ποτ’
693 1482 789 1568 άνδροι
812 1488 980 1566 δυσμενῆ
1009 1484 1121 1567 χθονδς
1143 1489 1254 1568 θείμην

171 1588 297 1673 έμαυτῷ.
344 1588 533 1668 έχδιστος.
568 1592 647 1652 Xon.
663 1595 760 1652 Anah.
775 1593 835 1667 III,
853 1599 881 1668 2,
900 1598 934 1654 5:
955 1586 1034 1674 πρδς
1049 1585 1121 1662 τοάς
1137 1589 1254 1653 ἐκείνου

171 1690 328 1772 έχθίστους
350 1687 494 1765 άποστάς.

671 1817 747 1962 3³.
844 1907 847 1913 Ι

255 2005 453 2064 Transeamus
480 2004 515 2063 ad
540 2022 574 2063 ea
596 2002 745 2080 adjectiva
768 2019 844 2082 quae
875 2007 1061 2080 compertum
1084 2008 1129 2064 est
1150 2004 1252 2065 verbis

171 2108 333 2168 convenire
355 2127 421 2167 oum
444 2105 626 2182 genetivo
651 2104 878 2182 conjungendis.

255 2212 285 2290 a)
308 2210 443 2270 Primum
457 2210 675 2270 immorandum
691 2209 748 2268 erit
770 2208 803 2267 in
819 2207 977 2286 adjectivis
991 2208 1251 2270 reminiscendi

171 2318 202 2373 et
231 2314 488 2376 obliviscendi.
535 2315 619 2381 Quae
641 2329 867 2390 nonnumquam
895 2312 1012 2372 ratione
1041 2311 1154 2389 insigni
1188 2314 1253 2373 sine

171 2437 241 2476 casu
263 2418 402 2496 usurpari
424 2416 456 2477 in
481 2417 655 2479 universum
676 2415 794 2475 monitu
816 2415 941 2490 dignum
962 2421 1015 2475 est.

259 2513 423 2597 μνήμων.
467 2519 566 2580 Semel
597 2518 787 2580 consociatur
816 2537 884 2578 cum
914 2518 1055 2593 genetivo
1086 2538 1181 2599 eoque
1206 2519 1251 2581 rei

171 2626 256 2683 Eum.
282 2624 359 2683 379:
382 2624 484 2683 κακοῖν
506 2643 536 2681 τε
559 2617 714 2700 μνήμονες.
761 2622 962 2702 Frequentius
985 2621 1104 2683 obviam
1132 2623 1168 2681 fit
1189 2625 1251 2684 ab·

172 2727 298 2786 solute
326 2728 473 2806 positum:
503 2730 658 2802 ng.144:
688 2718 816 2802 μνάμων
844 2727 933 2803 μῆνις
954 2719 1155 2796 τεκνόποινος.
1201 2729 1251 2787 Pr.

173 2835 250 2890 518:
280 2824 429 2906 μνήμονες
450 2819 474 2886 τ’
494 2821 634 2908 Ἐρινύες.
678 2830 801 2909 (statum
831 2830 895 2888 fere
925 2830 984 2889 hoc
1012 2848 1078 2888 esse
1100 2847 1135 2888 ac
1157 2849 1251 2908 prope

172 2932 315 2993 sollemne
344 2952 509 3008 cognomen
531 2932 673 2992 Dirarum
702 2933 790 2992 docet
810 2932 901 3010 Soph.
924 2931 972 2991 Ai.
1000 2935 1095 2991 1390:
1126 2925 1252 3008 μνήμων

168 3027 311 3115 Ἐρινύς).
360 3037 410 3097 Pr.
436 3037 511 3096 787:
542 3028 692 3112 μνήμοσιν
722 3030 833 3104 δέλτοις
861 3034 989 3113 φρενῶν.
1019 3066 1062 3078 -
1090 3035 1251 3095 Praeterea

170 3140 273 3218 Suppl.
291 3145 341 3213 94,
362 3139 412 3199 ubi
437 3138 548 3200 tradita
569 3144 615 3199 est
636 3139 799 3217 scriptura:
823 3130 934 3214 ήμενον
948 3129 1010 3196 άνω
1027 3128 1171 3216 φρόνημά
1185 3157 1251 3209 πως

172 3241 249 3324 leto.
286 3244 471 3304 Scholiastae
491 3241 664 3303 testimonio
687 3242 870 3313 confirmato,
892 3241 1085 3300 Hermonnus
1106 3260 1250 3303 revocan-

171 3349 240 3407 dum
256 3368 319 3407 esse
335 3346 466 3408 censuit:
482 3348 599 3422 μνήμον
614 3337 676 3403 άνω
692 3337 833 3421 φρόνημά
847 3364 913 3414 πως
926 3345 1074 3424 probante
1083 3343 1248 3405 Diodorfio.

257 3443 435 3529 άμνήμων
465 3469 526 3509 uno
547 3449 614 3508 loco
637 3446 789 3525 reperitur
810 3467 905 3529 eoque
928 3467 996 3508 oum
1017 3446 1160 3523 genetivo
1181 3468 1249 3527 per-

171 3572 261 3613 sonae
291 3557 532 3628 coagmentatum
561 3552 641 3629 Sept.
667 3555 743 3610 589:
773 3551 854 3610 θεῶν
881 3542 1059 3630 α’μνήμοσιν.

255 3655 398 3734 Aeschyli
420 3654 544 3735 propria
565 3655 713 3732 adjectiva
735 3655 860 3715 eandem
883 3653 1138 3715 constructionem
1163 3672 1249 3731 prae·

171 3759 282 3821 stantia
302 3757 441 3820 invenies
462 3761 554 3820 haec:

257 3853 435 3941 μνήστωρ
459 3861 510 3941 (ad
524 3864 652 3922 formam
667 3864 745 3922 conf.
766 3881 833 3940 pag.
852 3857 914 3937 68).
958 3860 1039 3938 Sept
1064 3863 1141 3920 164:
1164 3860 1249 3936 φιλο-

171 3957 275 4024 θύτων
298 3959 330 4022 δέ
350 3983 398 4023 τοι
419 3957 526 4035 πόλεος
548 3958 659 4044 ὀργίων
678 3961 684 4048 Ι
703 3958 863 4043 μνήστορες
884 3959 947 4022 έστε
969 3982 1029 4038 μοι.

256 4059 539 4146 ποίνμνήστωρ.
565 4067 710 4127 Absolute
725 4072 842 4127 tantum
857 4066 988 4143 positum
1002 4065 1129 4141 legimus
1144 4064 1247 4145 Suppl.

172 4175 249 4231 518:
271 4171 361 4251 γενοῦ
381 4170 589 4252 πολυμνήστσρ
611 4166 748 4247 ἔφαπτορ
769 4161 853 4241 Ἰοῦς.

1032 4279 1055 4330 ἦ
