<?xml version="1.0" encoding="UTF-8"?>
<!DOCTYPE html PUBLIC "-//W3C//DTD XHTML 1.0 Transitional//EN"
    "http://www.w3.org/TR/xhtml1/DTD/xhtml1-transitional.dtd">
<html xmlns="http://www.w3.org/1999/xhtml" xml:lang="en" lang="en">
 <head>
  <title>
</title>
<meta http-equiv="Content-Type" content="text/html;charset=utf-8" />
  <meta name='ocr-system' content='tesseract 3.04.00' />
  <meta name='ocr-capabilities' content='ocr_page ocr_carea ocr_par ocr_line ocrx_word'/>
</head>
<body>
  <div class='ocr_page' id='page_1' title='image "./degenuiniquemvo00schegoog_0123.png"; bbox 0 0 2850 4590; ppageno 0'>
   <div class='ocr_carea' id='block_1_1' title="bbox 677 276 913 345">
    <p class='ocr_par' dir='ltr' id='par_1_1' title="bbox 677 276 913 345">
     <span class='ocr_line' id='line_1_1' title="bbox 677 276 913 345; baseline 0 0"><span class='ocrx_word' id='word_1_1' title='bbox 677 276 913 345; x_wconf 85' lang='lat'>-114-</span> 
     </span>
    </p>
   </div>
   <div class='ocr_carea' id='block_1_2' title="bbox 255 424 1346 4225">
    <p class='ocr_par' dir='ltr' id='par_1_2' title="bbox 255 424 1346 2269">
     <span class='ocr_line' id='line_1_2' title="bbox 257 424 1344 516; baseline 0.007 -26"><span class='ocrx_word' id='word_1_2' title='bbox 257 425 294 491; x_wconf 77' lang='lat' dir='ltr'>dv</span> <span class='ocrx_word' id='word_1_3' title='bbox 318 425 395 503; x_wconf 84' lang='grc' dir='ltr'><strong><em>Ζεύς</em></strong></span> <span class='ocrx_word' id='word_1_4' title='bbox 417 424 462 492; x_wconf 71' lang='grc' dir='ltr'>ἐπ’</span> <span class='ocrx_word' id='word_1_5' title='bbox 484 428 611 504; x_wconf 59' lang='lat' dir='ltr'>tantove</span> <span class='ocrx_word' id='word_1_6' title='bbox 640 427 750 510; x_wconf 79' lang='grc' dir='ltr'><strong><em>ταχύν,</em></strong></span> <span class='ocrx_word' id='word_1_7' title='bbox 784 455 872 515; x_wconf 87' lang='lat' dir='ltr'>quum</span> <span class='ocrx_word' id='word_1_8' title='bbox 904 437 943 494; x_wconf 88' lang='lat' dir='ltr'>sit</span> <span class='ocrx_word' id='word_1_9' title='bbox 973 436 1114 496; x_wconf 87' lang='lat' dir='ltr'>omissum</span> <span class='ocrx_word' id='word_1_10' title='bbox 1144 437 1344 516; x_wconf 75' lang='lat' dir='ltr'>participium</span> 
     </span>
     <span class='ocr_line' id='line_1_3' title="bbox 256 537 1344 619; baseline 0.003 -22"><span class='ocrx_word' id='word_1_11' title='bbox 256 537 342 597; x_wconf 89' lang='lat' dir='ltr'>verbi</span> <span class='ocrx_word' id='word_1_12' title='bbox 372 537 564 599; x_wconf 79' lang='lat' dir='ltr'>substantivi.</span> <span class='ocrx_word' id='word_1_13' title='bbox 609 537 718 603; x_wconf 77' lang='lat' dir='ltr'>Qualia</span> <span class='ocrx_word' id='word_1_14' title='bbox 749 544 819 598; x_wconf 88' lang='lat' dir='ltr'>suut</span> <span class='ocrx_word' id='word_1_15' title='bbox 847 539 880 597; x_wconf 90' lang='lat' dir='ltr'>in</span> <span class='ocrx_word' id='word_1_16' title='bbox 910 545 1052 618; x_wconf 86' lang='lat' dir='ltr'>promptu</span> <span class='ocrx_word' id='word_1_17' title='bbox 1081 540 1219 618; x_wconf 83' lang='lat' dir='ltr'>exempla</span> <span class='ocrx_word' id='word_1_18' title='bbox 1246 540 1344 619; x_wconf 83' lang='lat' dir='ltr'>Soph.</span> 
     </span>
     <span class='ocr_line' id='line_1_4' title="bbox 255 639 1344 722; baseline 0.005 -25"><span class='ocrx_word' id='word_1_19' title='bbox 255 639 304 698; x_wconf 75' lang='lat' dir='ltr'>ui.</span> <span class='ocrx_word' id='word_1_20' title='bbox 329 645 357 700; x_wconf 88' lang='grc'>9.</span> <span class='ocrx_word' id='word_1_21' title='bbox 387 642 434 701; x_wconf 85' lang='grc' dir='ltr'>ΕΙ.</span> <span class='ocrx_word' id='word_1_22' title='bbox 457 647 507 715; x_wconf 85' lang='grc'>46,</span> <span class='ocrx_word' id='word_1_23' title='bbox 532 647 603 701; x_wconf 85' lang='grc'><strong>313.</strong></span> <span class='ocrx_word' id='word_1_24' title='bbox 648 643 685 702; x_wconf 87' lang='lat' dir='ltr'>cf.</span> <span class='ocrx_word' id='word_1_25' title='bbox 707 643 782 701; x_wconf 89' lang='lat' dir='ltr'>Lob.</span> <span class='ocrx_word' id='word_1_26' title='bbox 812 643 850 701; x_wconf 85' lang='lat' dir='ltr'>ad</span> <span class='ocrx_word' id='word_1_27' title='bbox 878 643 993 722; x_wconf 85' lang='lat' dir='ltr'>Phryn.</span> <span class='ocrx_word' id='word_1_28' title='bbox 1025 663 1092 721; x_wconf 80' lang='lat' dir='ltr'>pag.</span> <span class='ocrx_word' id='word_1_29' title='bbox 1115 643 1187 704; x_wconf 80' lang='lat'><strong>277.</strong></span> <span class='ocrx_word' id='word_1_30' title='bbox 1210 677 1250 687; x_wconf 96' lang='lat'>—</span> <span class='ocrx_word' id='word_1_31' title='bbox 1281 643 1344 702; x_wconf 83' lang='lat' dir='ltr'>His</span> 
     </span>
     <span class='ocr_line' id='line_1_5' title="bbox 257 743 1346 822; baseline 0.003 -19"><span class='ocrx_word' id='word_1_32' title='bbox 257 743 403 820; x_wconf 89' lang='lat' dir='ltr'>exemplis</span> <span class='ocrx_word' id='word_1_33' title='bbox 429 745 474 803; x_wconf 85' lang='lat' dir='ltr'>ita</span> <span class='ocrx_word' id='word_1_34' title='bbox 495 743 649 822; x_wconf 88' lang='lat' dir='ltr'>dispositis</span> <span class='ocrx_word' id='word_1_35' title='bbox 671 750 706 803; x_wconf 91' lang='lat' dir='ltr'>ut</span> <span class='ocrx_word' id='word_1_36' title='bbox 728 745 766 803; x_wconf 85' lang='lat' dir='ltr'>ad</span> <span class='ocrx_word' id='word_1_37' title='bbox 788 745 819 803; x_wconf 89' lang='lat' dir='ltr'>id</span> <span class='ocrx_word' id='word_1_38' title='bbox 841 746 955 805; x_wconf 82' lang='lat' dir='ltr'>referat</span> <span class='ocrx_word' id='word_1_39' title='bbox 976 766 1008 806; x_wconf 85' lang='lat' dir='ltr'>se</span> <span class='ocrx_word' id='word_1_40' title='bbox 1031 746 1128 805; x_wconf 88' lang='lat' dir='ltr'>oratio</span> <span class='ocrx_word' id='word_1_41' title='bbox 1150 746 1230 806; x_wconf 91' lang='lat' dir='ltr'>unde</span> <span class='ocrx_word' id='word_1_42' title='bbox 1252 747 1346 806; x_wconf 85' lang='lat' dir='ltr'>aber-</span> 
     </span>
     <span class='ocr_line' id='line_1_6' title="bbox 256 840 1344 926; baseline 0.004 -22"><span class='ocrx_word' id='word_1_43' title='bbox 256 845 344 920; x_wconf 85' lang='lat' dir='ltr'>ravit,</span> <span class='ocrx_word' id='word_1_44' title='bbox 367 840 522 925; x_wconf 78' lang='grc' dir='ltr'><em>τυγχάνειν</em></span> <span class='ocrx_word' id='word_1_45' title='bbox 543 851 646 907; x_wconf 83' lang='lat' dir='ltr'>nostro</span> <span class='ocrx_word' id='word_1_46' title='bbox 667 847 734 907; x_wconf 90' lang='lat' dir='ltr'>loco</span> <span class='ocrx_word' id='word_1_47' title='bbox 757 848 894 908; x_wconf 87' lang='lat' dir='ltr'>absolute</span> <span class='ocrx_word' id='word_1_48' title='bbox 917 869 982 909; x_wconf 89' lang='lat' dir='ltr'>esse</span> <span class='ocrx_word' id='word_1_49' title='bbox 1005 849 1174 909; x_wconf 90' lang='lat' dir='ltr'>adhibitum</span> <span class='ocrx_word' id='word_1_50' title='bbox 1193 848 1344 926; x_wconf 77' lang='lat' dir='ltr'>peculiari</span> 
     </span>
     <span class='ocr_line' id='line_1_7' title="bbox 256 949 1345 1030; baseline 0.004 -23"><span class='ocrx_word' id='word_1_51' title='bbox 256 949 345 1026; x_wconf 90' lang='lat' dir='ltr'>plane</span> <span class='ocrx_word' id='word_1_52' title='bbox 367 950 539 1010; x_wconf 88' lang='lat' dir='ltr'>intellectu:</span> <span class='ocrx_word' id='word_1_53' title='bbox 562 971 685 1024; x_wconf 85' lang='lat' dir='ltr'>„verum</span> <span class='ocrx_word' id='word_1_54' title='bbox 708 951 847 1030; x_wconf 91' lang='lat' dir='ltr'>adsequi,</span> <span class='ocrx_word' id='word_1_55' title='bbox 870 957 953 1011; x_wconf 87' lang='lat' dir='ltr'>recte</span> <span class='ocrx_word' id='word_1_56' title='bbox 976 952 1094 1012; x_wconf 86' lang='lat' dir='ltr'>dioere“</span> <span class='ocrx_word' id='word_1_57' title='bbox 1116 951 1191 1010; x_wconf 90' lang='lat' dir='ltr'>mihi</span> <span class='ocrx_word' id='word_1_58' title='bbox 1216 956 1345 1011; x_wconf 90' lang='lat' dir='ltr'>conten·</span> 
     </span>
     <span class='ocr_line' id='line_1_8' title="bbox 257 1053 1342 1132; baseline 0.001 -21"><span class='ocrx_word' id='word_1_59' title='bbox 257 1053 341 1112; x_wconf 89' lang='lat' dir='ltr'>denti</span> <span class='ocrx_word' id='word_1_60' title='bbox 363 1053 558 1132; x_wconf 80' lang='lat' dir='ltr'>suppeditant</span> <span class='ocrx_word' id='word_1_61' title='bbox 578 1054 636 1114; x_wconf 90' lang='lat' dir='ltr'>loci</span> <span class='ocrx_word' id='word_1_62' title='bbox 659 1055 882 1131; x_wconf 86' lang='lat' dir='ltr'>hujuscemodi:</span> <span class='ocrx_word' id='word_1_63' title='bbox 906 1058 961 1128; x_wconf 80' lang='lat' dir='ltr'>Ag.</span> <span class='ocrx_word' id='word_1_64' title='bbox 982 1056 1078 1115; x_wconf 85' lang='lat'>1187:</span> <span class='ocrx_word' id='word_1_65' title='bbox 1101 1053 1129 1113; x_wconf 81' lang='grc' dir='ltr'><strong><em>τέ</em></strong></span> <span class='ocrx_word' id='word_1_66' title='bbox 1144 1075 1191 1113; x_wconf 94' lang='grc' dir='ltr'>νιν</span> <span class='ocrx_word' id='word_1_67' title='bbox 1205 1055 1342 1128; x_wconf 84' lang='grc' dir='ltr'><strong><em>καλοῦσα</em></strong></span> 
     </span>
     <span class='ocr_line' id='line_1_9' title="bbox 257 1147 1344 1236; baseline 0.005 -25"><span class='ocrx_word' id='word_1_68' title='bbox 257 1150 397 1229; x_wconf 75' lang='grc' dir='ltr'><strong><em>δυσφιλές</em></strong></span> <span class='ocrx_word' id='word_1_69' title='bbox 418 1149 514 1225; x_wconf 76' lang='grc' dir='ltr'><strong><em>δύκος</em></strong></span> <span class='ocrx_word' id='word_1_70' title='bbox 535 1147 647 1232; x_wconf 78' lang='grc' dir='ltr'><strong><em>τύχοιμ’</em></strong></span> <span class='ocrx_word' id='word_1_71' title='bbox 671 1149 717 1214; x_wconf 72' lang='lat' dir='ltr'>dv.</span> <span class='ocrx_word' id='word_1_72' title='bbox 762 1156 894 1236; x_wconf 78' lang='lat' dir='ltr'>[‚‚Quam</span> <span class='ocrx_word' id='word_1_73' title='bbox 916 1158 1044 1217; x_wconf 83' lang='lat' dir='ltr'>bestiam</span> <span class='ocrx_word' id='word_1_74' title='bbox 1070 1157 1155 1216; x_wconf 85' lang='lat' dir='ltr'>illam</span> <span class='ocrx_word' id='word_1_75' title='bbox 1183 1156 1344 1236; x_wconf 84' lang='lat' dir='ltr'>appellans</span> 
     </span>
     <span class='ocr_line' id='line_1_10' title="bbox 258 1251 1343 1337; baseline 0.002 -20"><span class='ocrx_word' id='word_1_76' title='bbox 258 1258 308 1335; x_wconf 83' lang='lat' dir='ltr'>(cf.</span> <span class='ocrx_word' id='word_1_77' title='bbox 332 1259 385 1318; x_wconf 85' lang='lat' dir='ltr'>ch.</span> <span class='ocrx_word' id='word_1_78' title='bbox 401 1263 480 1319; x_wconf 84' lang='lat'><strong>949:</strong></span> <span class='ocrx_word' id='word_1_79' title='bbox 503 1257 531 1317; x_wconf 77' lang='grc' dir='ltr'><strong><em>τί</em></strong></span> <span class='ocrx_word' id='word_1_80' title='bbox 552 1279 600 1317; x_wconf 89' lang='grc' dir='ltr'>νιν</span> <span class='ocrx_word' id='word_1_81' title='bbox 615 1258 777 1335; x_wconf 80' lang='grc' dir='ltr'><strong>προσείπω,</strong></span> <span class='ocrx_word' id='word_1_82' title='bbox 800 1251 856 1317; x_wconf 79' lang='lat' dir='ltr'>udo</span> <span class='ocrx_word' id='word_1_83' title='bbox 878 1252 955 1335; x_wconf 81' lang='grc' dir='ltr'><strong><em>τύχον</em></strong></span> <span class='ocrx_word' id='word_1_84' title='bbox 979 1252 1044 1336; x_wconf 83' lang='grc' dir='ltr'><strong><em>μαλ’</em></strong></span> <span class='ocrx_word' id='word_1_85' title='bbox 1066 1253 1234 1337; x_wconf 76' lang='grc' dir='ltr'><strong><em>εὐστομῶν)</em></strong></span> <span class='ocrx_word' id='word_1_86' title='bbox 1256 1268 1343 1319; x_wconf 84' lang='lat' dir='ltr'>recte</span> 
     </span>
     <span class='ocr_line' id='line_1_11' title="bbox 257 1353 1344 1442; baseline -0.001 -22"><span class='ocrx_word' id='word_1_87' title='bbox 257 1360 449 1441; x_wconf 85' lang='lat' dir='ltr'>appellem.“]</span> <span class='ocrx_word' id='word_1_88' title='bbox 494 1367 525 1421; x_wconf 89' lang='lat' dir='ltr'>et</span> <span class='ocrx_word' id='word_1_89' title='bbox 554 1363 606 1421; x_wconf 83' lang='lat' dir='ltr'>Oh.</span> <span class='ocrx_word' id='word_1_90' title='bbox 632 1367 709 1422; x_wconf 80' lang='lat'>406:</span> <span class='ocrx_word' id='word_1_91' title='bbox 739 1360 767 1420; x_wconf 83' lang='grc' dir='ltr'><strong><em>τί</em></strong></span> <span class='ocrx_word' id='word_1_92' title='bbox 788 1354 814 1418; x_wconf 87' lang='lat' dir='ltr'>d’</span> <span class='ocrx_word' id='word_1_93' title='bbox 836 1353 875 1420; x_wconf 79' lang='lat' dir='ltr'>o&#39;c&#39;v</span> <span class='ocrx_word' id='word_1_94' title='bbox 897 1355 1009 1433; x_wconf 82' lang='grc' dir='ltr'><strong><em>φύντες</em></strong></span> <span class='ocrx_word' id='word_1_95' title='bbox 1029 1354 1167 1439; x_wconf 77' lang='grc' dir='ltr'>τύχοιμεν</span> <span class='ocrx_word' id='word_1_96' title='bbox 1196 1361 1267 1442; x_wconf 90' lang='lat' dir='ltr'>quid</span> <span class='ocrx_word' id='word_1_97' title='bbox 1297 1361 1344 1420; x_wconf 93' lang='lat' dir='ltr'>di-</span> 
     </span>
     <span class='ocr_line' id='line_1_12' title="bbox 258 1464 1344 1541; baseline 0.002 -19"><span class='ocrx_word' id='word_1_98' title='bbox 258 1469 359 1523; x_wconf 87' lang='lat' dir='ltr'>centes</span> <span class='ocrx_word' id='word_1_99' title='bbox 382 1465 513 1525; x_wconf 85' lang='lat' dir='ltr'>dicamus</span> <span class='ocrx_word' id='word_1_100' title='bbox 536 1464 655 1525; x_wconf 84' lang='lat' dir='ltr'>recte“?</span> <span class='ocrx_word' id='word_1_101' title='bbox 670 1499 713 1509; x_wconf 95' lang='lat'><em>-</em></span> <span class='ocrx_word' id='word_1_102' title='bbox 734 1467 791 1524; x_wconf 85' lang='lat' dir='ltr'>Est</span> <span class='ocrx_word' id='word_1_103' title='bbox 812 1465 906 1539; x_wconf 83' lang='lat' dir='ltr'>igitur</span> <span class='ocrx_word' id='word_1_104' title='bbox 921 1485 968 1524; x_wconf 92' lang='lat' dir='ltr'>me</span> <span class='ocrx_word' id='word_1_105' title='bbox 988 1465 1090 1541; x_wconf 85' lang='lat' dir='ltr'>judice</span> <span class='ocrx_word' id='word_1_106' title='bbox 1112 1465 1344 1525; x_wconf 84' lang='lat' dir='ltr'>transferendus</span> 
     </span>
     <span class='ocr_line' id='line_1_13' title="bbox 256 1567 1343 1647; baseline 0.001 -23"><span class='ocrx_word' id='word_1_107' title='bbox 256 1567 307 1627; x_wconf 89' lang='lat' dir='ltr'>hio</span> <span class='ocrx_word' id='word_1_108' title='bbox 327 1567 428 1628; x_wconf 91' lang='lat' dir='ltr'>loons:</span> <span class='ocrx_word' id='word_1_109' title='bbox 452 1567 624 1641; x_wconf 78' lang='lat' dir='ltr'>„laetitiam</span> <span class='ocrx_word' id='word_1_110' title='bbox 648 1588 713 1628; x_wconf 91' lang='lat' dir='ltr'>eam</span> <span class='ocrx_word' id='word_1_111' title='bbox 734 1568 918 1646; x_wconf 76' lang='lat' dir='ltr'>appellamus</span> <span class='ocrx_word' id='word_1_112' title='bbox 941 1574 1023 1628; x_wconf 86' lang='lat' dir='ltr'>recte</span> <span class='ocrx_word' id='word_1_113' title='bbox 1043 1568 1250 1647; x_wconf 87' lang='lat' dir='ltr'>appellantes“</span> <span class='ocrx_word' id='word_1_114' title='bbox 1274 1567 1343 1646; x_wconf 88' lang='grc' dir='ltr'><strong><em>(κα-</em></strong></span> 
     </span>
     <span class='ocr_line' id='line_1_14' title="bbox 256 1660 1346 1751; baseline 0.003 -24"><span class='ocrx_word' id='word_1_115' title='bbox 256 1669 315 1739; x_wconf 80' lang='grc' dir='ltr'><strong><em>λῶς</em></strong></span> <span class='ocrx_word' id='word_1_116' title='bbox 337 1671 457 1730; x_wconf 85' lang='lat' dir='ltr'>additur</span> <span class='ocrx_word' id='word_1_117' title='bbox 478 1672 603 1748; x_wconf 81' lang='lat' dir='ltr'>perinde</span> <span class='ocrx_word' id='word_1_118' title='bbox 625 1677 715 1751; x_wconf 89' lang='lat' dir='ltr'>atque</span> <span class='ocrx_word' id='word_1_119' title='bbox 738 1671 841 1749; x_wconf 86' lang='lat' dir='ltr'>Suppl.</span> <span class='ocrx_word' id='word_1_120' title='bbox 866 1672 921 1731; x_wconf 84' lang='lat'>71:</span> <span class='ocrx_word' id='word_1_121' title='bbox 952 1668 1019 1730; x_wconf 79' lang='grc' dir='ltr'><strong><em>θεοὶ</em></strong></span> <span class='ocrx_word' id='word_1_122' title='bbox 1043 1667 1167 1751; x_wconf 75' lang='grc' dir='ltr'>γενέται,</span> <span class='ocrx_word' id='word_1_123' title='bbox 1189 1662 1284 1730; x_wconf 78' lang='grc' dir='ltr'><strong><em>κλύετ’</em></strong></span> <span class='ocrx_word' id='word_1_124' title='bbox 1308 1660 1346 1730; x_wconf 78' lang='grc' dir='ltr'><strong><em>εὖ</em></strong></span> 
     </span>
     <span class='ocr_line' id='line_1_15' title="bbox 257 1763 1344 1851; baseline 0.003 -23"><span class='ocrx_word' id='word_1_125' title='bbox 257 1763 290 1829; x_wconf 80' lang='grc' dir='ltr'><strong><em>τύ</em></strong></span> <span class='ocrx_word' id='word_1_126' title='bbox 315 1770 432 1833; x_wconf 75' lang='grc' dir='ltr'><strong><em>δίκαιον</em></strong></span> <span class='ocrx_word' id='word_1_127' title='bbox 455 1768 574 1844; x_wconf 76' lang='grc' dir='ltr'><strong><em>ἰδόντες.</em></strong></span> <span class='ocrx_word' id='word_1_128' title='bbox 614 1774 713 1834; x_wconf 83' lang='lat' dir='ltr'>Schol.</span> <span class='ocrx_word' id='word_1_129' title='bbox 731 1776 789 1833; x_wconf 84' lang='lat' dir='ltr'>M.:</span> <span class='ocrx_word' id='word_1_130' title='bbox 811 1775 907 1844; x_wconf 79' lang='grc' dir='ltr'><strong><em>καλῶς</em></strong></span> <span class='ocrx_word' id='word_1_131' title='bbox 929 1767 961 1833; x_wconf 77' lang='lat' dir='ltr'>sd</span> <span class='ocrx_word' id='word_1_132' title='bbox 985 1772 1102 1834; x_wconf 76' lang='lat' dir='ltr'>dinosco</span> <span class='ocrx_word' id='word_1_133' title='bbox 1124 1767 1274 1851; x_wconf 79' lang='grc' dir='ltr'><strong><em>ὁρῶντες).</em></strong></span> <span class='ocrx_word' id='word_1_134' title='bbox 1299 1807 1344 1818; x_wconf 92' lang='grc'>-</span> 
     </span>
     <span class='ocr_line' id='line_1_16' title="bbox 260 1875 1344 1955; baseline 0.004 -22"><span class='ocrx_word' id='word_1_135' title='bbox 260 1875 428 1950; x_wconf 84' lang='lat' dir='ltr'>Permagna</span> <span class='ocrx_word' id='word_1_136' title='bbox 444 1876 639 1936; x_wconf 82' lang='lat' dir='ltr'>similitudine</span> <span class='ocrx_word' id='word_1_137' title='bbox 656 1877 836 1955; x_wconf 82' lang='lat' dir='ltr'>exprimitur</span> <span class='ocrx_word' id='word_1_138' title='bbox 850 1878 976 1937; x_wconf 86' lang='lat' dir='ltr'>verbum</span> <span class='ocrx_word' id='word_1_139' title='bbox 991 1879 1124 1953; x_wconf 81' lang='grc' dir='ltr'><strong><em>κυρεῖν</em></strong></span> <span class='ocrx_word' id='word_1_140' title='bbox 1141 1877 1245 1954; x_wconf 82' lang='lat' dir='ltr'>Snppl.</span> <span class='ocrx_word' id='word_1_141' title='bbox 1263 1880 1344 1937; x_wconf 83' lang='lat'><strong>569:</strong></span> 
     </span>
     <span class='ocr_line' id='line_1_17' title="bbox 257 1971 1342 2061; baseline 0.002 -25"><span class='ocrx_word' id='word_1_142' title='bbox 257 1975 309 2037; x_wconf 78' lang='grc' dir='ltr'>καὶ</span> <span class='ocrx_word' id='word_1_143' title='bbox 339 1971 402 2039; x_wconf 80' lang='lat' dir='ltr'>vo‘d&#39;</span> <span class='ocrx_word' id='word_1_144' title='bbox 425 1971 463 2039; x_wconf 80' lang='grc' dir='ltr'><strong><em>ύν</em></strong></span> <span class='ocrx_word' id='word_1_145' title='bbox 484 1975 569 2058; x_wconf 80' lang='grc' dir='ltr'><strong><em>γένος</em></strong></span> <span class='ocrx_word' id='word_1_146' title='bbox 589 1977 682 2058; x_wconf 75' lang='grc' dir='ltr'><strong><em>λέγων</em></strong></span> <span class='ocrx_word' id='word_1_147' title='bbox 709 1976 713 2061; x_wconf 96' lang='grc' dir='ltr'>Ι</span> <span class='ocrx_word' id='word_1_148' title='bbox 741 1976 771 2051; x_wconf 75' lang='grc' dir='ltr'>ἐξ</span> <span class='ocrx_word' id='word_1_149' title='bbox 792 1971 932 2054; x_wconf 78' lang='grc' dir='ltr'><strong>Ἐπάφου</strong></span> <span class='ocrx_word' id='word_1_150' title='bbox 959 1972 1115 2057; x_wconf 73' lang='grc' dir='ltr'><strong><em>κυρήσαις.</em></strong></span> <span class='ocrx_word' id='word_1_151' title='bbox 1160 1978 1258 2039; x_wconf 82' lang='lat' dir='ltr'>Schol.</span> <span class='ocrx_word' id='word_1_152' title='bbox 1282 1979 1342 2038; x_wconf 84' lang='lat' dir='ltr'>M.:</span> 
     </span>
     <span class='ocr_line' id='line_1_18' title="bbox 258 2072 1342 2161; baseline -0.001 -21"><span class='ocrx_word' id='word_1_153' title='bbox 258 2076 309 2140; x_wconf 78' lang='lat' dir='ltr'>aul</span> <span class='ocrx_word' id='word_1_154' title='bbox 331 2074 366 2141; x_wconf 87' lang='grc' dir='ltr'><strong><em>τό</em></strong></span> <span class='ocrx_word' id='word_1_155' title='bbox 389 2078 476 2161; x_wconf 84' lang='grc' dir='ltr'><strong><em>γένος</em></strong></span> <span class='ocrx_word' id='word_1_156' title='bbox 497 2073 583 2158; x_wconf 76' lang='grc' dir='ltr'><strong><em>ἡμῶν</em></strong></span> <span class='ocrx_word' id='word_1_157' title='bbox 605 2074 790 2157; x_wconf 64' lang='grc' dir='ltr'>ἐξἘπαφου</span> <span class='ocrx_word' id='word_1_158' title='bbox 812 2079 905 2161; x_wconf 78' lang='grc' dir='ltr'><strong><em>λέγων</em></strong></span> <span class='ocrx_word' id='word_1_159' title='bbox 923 2072 996 2142; x_wconf 77' lang='grc' dir='ltr'><strong><em>εἶναι</em></strong></span> <span class='ocrx_word' id='word_1_160' title='bbox 1020 2083 1073 2159; x_wconf 84' lang='grc' dir='ltr'>της</span> <span class='ocrx_word' id='word_1_161' title='bbox 1087 2075 1231 2158; x_wconf 72' lang='grc' dir='ltr'><strong><em>ἀληθείας</em></strong></span> <span class='ocrx_word' id='word_1_162' title='bbox 1245 2074 1342 2160; x_wconf 81' lang='grc' dir='ltr'><strong><em>κορή-</em></strong></span> 
     </span>
     <span class='ocr_line' id='line_1_19' title="bbox 259 2179 651 2269; baseline 0.013 -29"><span class='ocrx_word' id='word_1_163' title='bbox 259 2199 325 2253; x_wconf 86' lang='grc' dir='ltr'><strong><em>σαις</em></strong></span> <span class='ocrx_word' id='word_1_164' title='bbox 346 2183 399 2244; x_wconf 83' lang='grc' dir='ltr'>καὶ</span> <span class='ocrx_word' id='word_1_165' title='bbox 420 2179 458 2244; x_wconf 87' lang='grc' dir='ltr'>ού</span> <span class='ocrx_word' id='word_1_166' title='bbox 481 2179 590 2269; x_wconf 78' lang='grc' dir='ltr'><strong><em>ψεύσῃ.</em></strong></span> <span class='ocrx_word' id='word_1_167' title='bbox 648 2192 651 2197; x_wconf 82' lang='lat'>&#39;</span> 
     </span>
    </p>

    <p class='ocr_par' dir='ltr' id='par_1_3' title="bbox 346 2289 594 2370">
     <span class='ocr_line' id='line_1_20' title="bbox 346 2289 594 2370; baseline 0 -22"><span class='ocrx_word' id='word_1_168' title='bbox 346 2289 446 2348; x_wconf 90' lang='lat' dir='ltr'>Unum</span> <span class='ocrx_word' id='word_1_169' title='bbox 468 2290 594 2370; x_wconf 51' lang='lat' dir='ltr'>addam„</span> 
     </span>
    </p>

    <p class='ocr_par' dir='ltr' id='par_1_4' title="bbox 257 2381 1345 3194">
     <span class='ocr_line' id='line_1_21' title="bbox 342 2381 1345 2473; baseline -0.003 -23"><span class='ocrx_word' id='word_1_170' title='bbox 342 2393 428 2452; x_wconf 85' lang='lat' dir='ltr'>Eum.</span> <span class='ocrx_word' id='word_1_171' title='bbox 454 2397 531 2453; x_wconf 85' lang='lat'>840:</span> <span class='ocrx_word' id='word_1_172' title='bbox 565 2388 614 2450; x_wconf 79' lang='lat' dir='ltr'>soi</span> <span class='ocrx_word' id='word_1_173' title='bbox 646 2384 683 2449; x_wconf 88' lang='grc' dir='ltr'>σύ</span> <span class='ocrx_word' id='word_1_174' title='bbox 713 2389 811 2466; x_wconf 73' lang='grc' dir='ltr'><strong><em>τιμίαν</em></strong></span> <span class='ocrx_word' id='word_1_175' title='bbox 837 2387 841 2473; x_wconf 99' lang='grc' dir='ltr'>Ι</span> <span class='ocrx_word' id='word_1_176' title='bbox 870 2386 959 2469; x_wconf 75' lang='grc' dir='ltr'><strong><em>ἕδραν</em></strong></span> <span class='ocrx_word' id='word_1_177' title='bbox 991 2387 1098 2466; x_wconf 79' lang='grc' dir='ltr'><strong><em>έχονσα</em></strong></span> <span class='ocrx_word' id='word_1_178' title='bbox 1127 2381 1204 2465; x_wconf 83' lang='grc' dir='ltr'><strong><em>πρύς</em></strong></span> <span class='ocrx_word' id='word_1_179' title='bbox 1234 2382 1345 2464; x_wconf 78' lang='grc' dir='ltr'><strong><em>δόμοις</em></strong></span> 
     </span>
     <span class='ocr_line' id='line_1_22' title="bbox 257 2484 1344 2577; baseline -0.001 -25"><span class='ocrx_word' id='word_1_180' title='bbox 257 2487 421 2571; x_wconf 76' lang='grc' dir='ltr'><strong><em>Ἐρεχθέως</em></strong></span> <span class='ocrx_word' id='word_1_181' title='bbox 448 2491 453 2577; x_wconf 88' lang='grc' dir='ltr'>Ι</span> <span class='ocrx_word' id='word_1_182' title='bbox 479 2487 566 2577; x_wconf 81' lang='grc' dir='ltr'><strong><em>τεύξη</em></strong></span> <span class='ocrx_word' id='word_1_183' title='bbox 595 2485 664 2570; x_wconf 82' lang='grc' dir='ltr'>παρ’</span> <span class='ocrx_word' id='word_1_184' title='bbox 688 2486 807 2570; x_wconf 76' lang='grc' dir='ltr'><strong><em>ἀνδρῶν</em></strong></span> <span class='ocrx_word' id='word_1_185' title='bbox 829 2489 880 2551; x_wconf 80' lang='grc' dir='ltr'>καὶ</span> <span class='ocrx_word' id='word_1_186' title='bbox 910 2490 1087 2571; x_wconf 80' lang='grc' dir='ltr'><strong><em>γυναικείων</em></strong></span> <span class='ocrx_word' id='word_1_187' title='bbox 1115 2485 1236 2563; x_wconf 74' lang='grc' dir='ltr'><strong><em>στόλων,</em></strong></span> <span class='ocrx_word' id='word_1_188' title='bbox 1267 2484 1344 2570; x_wconf 75' lang='grc' dir='ltr'><strong><em>ὅσην</em></strong></span> 
     </span>
     <span class='ocr_line' id='line_1_23' title="bbox 258 2589 1341 2676; baseline -0.002 -20"><span class='ocrx_word' id='word_1_189' title='bbox 258 2590 334 2676; x_wconf 78' lang='grc' dir='ltr'>παρ’</span> <span class='ocrx_word' id='word_1_190' title='bbox 364 2591 459 2657; x_wconf 70' lang='grc' dir='ltr'><strong><em>ἄλλων</em></strong></span> <span class='ocrx_word' id='word_1_191' title='bbox 488 2589 597 2656; x_wconf 76' lang='grc' dir='ltr'><strong><em>οὔποτ’</em></strong></span> <span class='ocrx_word' id='word_1_192' title='bbox 627 2589 665 2656; x_wconf 77' lang='lat' dir='ltr'>div</span> <span class='ocrx_word' id='word_1_193' title='bbox 687 2593 808 2672; x_wconf 79' lang='grc' dir='ltr'>σχέθοις</span> <span class='ocrx_word' id='word_1_194' title='bbox 829 2594 955 2671; x_wconf 80' lang='grc' dir='ltr'><strong><em>βροτῶν.</em></strong></span> <span class='ocrx_word' id='word_1_195' title='bbox 1000 2595 1175 2654; x_wconf 88' lang='lat' dir='ltr'>Dindorfius</span> <span class='ocrx_word' id='word_1_196' title='bbox 1207 2599 1237 2654; x_wconf 89' lang='lat' dir='ltr'>et</span> <span class='ocrx_word' id='word_1_197' title='bbox 1258 2594 1341 2654; x_wconf 86' lang='lat' dir='ltr'>Her-</span> 
     </span>
     <span class='ocr_line' id='line_1_24' title="bbox 258 2691 1341 2781; baseline -0.005 -18"><span class='ocrx_word' id='word_1_198' title='bbox 258 2722 385 2764; x_wconf 84' lang='lat' dir='ltr'>manuns</span> <span class='ocrx_word' id='word_1_199' title='bbox 415 2721 508 2761; x_wconf 89' lang='lat' dir='ltr'>uuum</span> <span class='ocrx_word' id='word_1_200' title='bbox 538 2706 662 2760; x_wconf 90' lang='lat' dir='ltr'>censent</span> <span class='ocrx_word' id='word_1_201' title='bbox 684 2699 831 2760; x_wconf 77' lang='lat' dir='ltr'>excidisse</span> <span class='ocrx_word' id='word_1_202' title='bbox 853 2719 974 2760; x_wconf 86' lang='lat' dir='ltr'>versum</span> <span class='ocrx_word' id='word_1_203' title='bbox 996 2703 1066 2758; x_wconf 91' lang='lat' dir='ltr'>ante</span> <span class='ocrx_word' id='word_1_204' title='bbox 1088 2691 1192 2781; x_wconf 87' lang='grc' dir='ltr'><strong><em>τεύξη,</em></strong></span> <span class='ocrx_word' id='word_1_205' title='bbox 1224 2698 1257 2756; x_wconf 92' lang='lat' dir='ltr'>iu</span> <span class='ocrx_word' id='word_1_206' title='bbox 1281 2717 1341 2777; x_wconf 90' lang='lat' dir='ltr'>quo</span> 
     </span>
     <span class='ocr_line' id='line_1_25' title="bbox 258 2794 1343 2881; baseline -0.006 -14"><span class='ocrx_word' id='word_1_207' title='bbox 258 2808 369 2867; x_wconf 89' lang='lat' dir='ltr'>lectum</span> <span class='ocrx_word' id='word_1_208' title='bbox 397 2806 506 2866; x_wconf 83' lang='lat' dir='ltr'>fuisset</span> <span class='ocrx_word' id='word_1_209' title='bbox 534 2804 691 2879; x_wconf 80' lang='lat' dir='ltr'>genetivus</span> <span class='ocrx_word' id='word_1_210' title='bbox 721 2803 920 2875; x_wconf 81' lang='lat' dir='ltr'>substantivi,</span> <span class='ocrx_word' id='word_1_211' title='bbox 953 2803 990 2862; x_wconf 90' lang='lat' dir='ltr'>ad</span> <span class='ocrx_word' id='word_1_212' title='bbox 1015 2803 1093 2881; x_wconf 90' lang='lat' dir='ltr'>quod</span> <span class='ocrx_word' id='word_1_213' title='bbox 1117 2794 1191 2877; x_wconf 77' lang='grc' dir='ltr'><strong><em>ὅσην</em></strong></span> <span class='ocrx_word' id='word_1_214' title='bbox 1212 2801 1343 2861; x_wconf 85' lang='lat' dir='ltr'>referre·</span> 
     </span>
     <span class='ocr_line' id='line_1_26' title="bbox 259 2898 1342 2984; baseline -0.006 -14"><span class='ocrx_word' id='word_1_215' title='bbox 259 2916 317 2970; x_wconf 83' lang='lat' dir='ltr'>tur.</span> <span class='ocrx_word' id='word_1_216' title='bbox 339 2944 382 2955; x_wconf 91' lang='lat'>—</span> <span class='ocrx_word' id='word_1_217' title='bbox 409 2909 468 2968; x_wconf 85' lang='lat' dir='ltr'>Sed</span> <span class='ocrx_word' id='word_1_218' title='bbox 489 2907 567 2967; x_wconf 91' lang='lat' dir='ltr'>nihil</span> <span class='ocrx_word' id='word_1_219' title='bbox 590 2907 731 2967; x_wconf 87' lang='lat' dir='ltr'>amissum</span> <span class='ocrx_word' id='word_1_220' title='bbox 753 2912 808 2966; x_wconf 90' lang='lat' dir='ltr'>est.</span> <span class='ocrx_word' id='word_1_221' title='bbox 853 2902 957 2982; x_wconf 81' lang='grc' dir='ltr'><strong><em>έχουσα</em></strong></span> <span class='ocrx_word' id='word_1_222' title='bbox 978 2898 1065 2984; x_wconf 84' lang='grc' dir='ltr'><strong><em>τεύξη</em></strong></span> <span class='ocrx_word' id='word_1_223' title='bbox 1087 2903 1167 2963; x_wconf 90' lang='lat' dir='ltr'>idem</span> <span class='ocrx_word' id='word_1_224' title='bbox 1189 2923 1254 2963; x_wconf 89' lang='lat' dir='ltr'>esse</span> <span class='ocrx_word' id='word_1_225' title='bbox 1276 2905 1342 2964; x_wconf 81' lang='lat' dir='ltr'>fere</span> 
     </span>
     <span class='ocr_line' id='line_1_27' title="bbox 261 3000 1340 3094; baseline -0.006 -21"><span class='ocrx_word' id='word_1_226' title='bbox 261 3015 340 3094; x_wconf 90' lang='lat' dir='ltr'>quod</span> <span class='ocrx_word' id='word_1_227' title='bbox 362 3009 416 3084; x_wconf 72' lang='grc' dir='ltr'><strong><em>ἕξει</em></strong></span> <span class='ocrx_word' id='word_1_228' title='bbox 440 3011 481 3090; x_wconf 83' lang='lat' dir='ltr'>(v.</span> <span class='ocrx_word' id='word_1_229' title='bbox 502 3015 578 3071; x_wconf 82' lang='lat'>841:</span> <span class='ocrx_word' id='word_1_230' title='bbox 602 3003 677 3086; x_wconf 80' lang='grc' dir='ltr'><strong><em>ὅσην</em></strong></span> <span class='ocrx_word' id='word_1_231' title='bbox 698 3001 769 3086; x_wconf 81' lang='grc' dir='ltr'>παρ’</span> <span class='ocrx_word' id='word_1_232' title='bbox 791 3000 887 3069; x_wconf 70' lang='grc' dir='ltr'><strong><em>ἄλλων</em></strong></span> <span class='ocrx_word' id='word_1_233' title='bbox 910 3042 952 3052; x_wconf 95' lang='grc'><strong>-</strong></span> <span class='ocrx_word' id='word_1_234' title='bbox 974 3002 1095 3084; x_wconf 78' lang='grc' dir='ltr'><strong><em>σχέθοις</em></strong></span> <span class='ocrx_word' id='word_1_235' title='bbox 1117 3007 1171 3085; x_wconf 75' lang='grc' dir='ltr'>-Ι</span> <span class='ocrx_word' id='word_1_236' title='bbox 1192 3007 1251 3066; x_wconf 93' lang='lat' dir='ltr'>hoc</span> <span class='ocrx_word' id='word_1_237' title='bbox 1272 3005 1340 3066; x_wconf 92' lang='lat' dir='ltr'>loco</span> 
     </span>
     <span class='ocr_line' id='line_1_28' title="bbox 259 3113 694 3194; baseline -0.011 -17"><span class='ocrx_word' id='word_1_238' title='bbox 259 3116 334 3177; x_wconf 89' lang='lat' dir='ltr'>mihi</span> <span class='ocrx_word' id='word_1_239' title='bbox 358 3121 404 3176; x_wconf 87' lang='lat' dir='ltr'>est</span> <span class='ocrx_word' id='word_1_240' title='bbox 424 3113 694 3194; x_wconf 87' lang='lat' dir='ltr'>persuasissimum.</span> 
     </span>
    </p>

    <p class='ocr_par' dir='ltr' id='par_1_5' title="bbox 259 3206 1342 4106">
     <span class='ocr_line' id='line_1_29' title="bbox 344 3206 1342 3294; baseline -0.006 -16"><span class='ocrx_word' id='word_1_241' title='bbox 344 3220 552 3278; x_wconf 82' lang='lat' dir='ltr'>Accosotz&#39;oum</span> <span class='ocrx_word' id='word_1_242' title='bbox 575 3237 647 3276; x_wconf 90' lang='lat' dir='ltr'>uum</span> <span class='ocrx_word' id='word_1_243' title='bbox 668 3216 817 3294; x_wconf 84' lang='lat' dir='ltr'>reciperet</span> <span class='ocrx_word' id='word_1_244' title='bbox 839 3206 1003 3292; x_wconf 72' lang='grc' dir='ltr'><strong><em>τυγχάνειν,</em></strong></span> <span class='ocrx_word' id='word_1_245' title='bbox 1031 3231 1157 3287; x_wconf 86' lang='lat' dir='ltr'>maguus</span> <span class='ocrx_word' id='word_1_246' title='bbox 1180 3211 1342 3289; x_wconf 86' lang='lat' dir='ltr'>scrupulus</span> 
     </span>
     <span class='ocr_line' id='line_1_30' title="bbox 259 3314 1342 3401; baseline -0.007 -18"><span class='ocrx_word' id='word_1_247' title='bbox 259 3323 388 3401; x_wconf 86' lang='lat' dir='ltr'>injectus</span> <span class='ocrx_word' id='word_1_248' title='bbox 416 3326 482 3380; x_wconf 87' lang='lat' dir='ltr'>erat</span> <span class='ocrx_word' id='word_1_249' title='bbox 509 3319 584 3380; x_wconf 88' lang='lat' dir='ltr'>viris</span> <span class='ocrx_word' id='word_1_250' title='bbox 614 3319 718 3386; x_wconf 87' lang='lat' dir='ltr'>doctis.</span> <span class='ocrx_word' id='word_1_251' title='bbox 762 3323 863 3397; x_wconf 84' lang='lat' dir='ltr'>Atque</span> <span class='ocrx_word' id='word_1_252' title='bbox 886 3316 1010 3377; x_wconf 86' lang='lat' dir='ltr'>vitricos</span> <span class='ocrx_word' id='word_1_253' title='bbox 1041 3316 1161 3396; x_wconf 88' lang='lat' dir='ltr'>quidem</span> <span class='ocrx_word' id='word_1_254' title='bbox 1191 3314 1245 3373; x_wconf 92' lang='lat' dir='ltr'>illa</span> <span class='ocrx_word' id='word_1_255' title='bbox 1273 3333 1342 3375; x_wconf 90' lang='lat' dir='ltr'>oum</span> 
     </span>
     <span class='ocr_line' id='line_1_31' title="bbox 259 3416 1342 3494; baseline -0.01 -8"><span class='ocrx_word' id='word_1_256' title='bbox 259 3424 429 3487; x_wconf 85' lang='lat' dir='ltr'>accusativo</span> <span class='ocrx_word' id='word_1_257' title='bbox 453 3423 635 3484; x_wconf 80' lang='lat' dir='ltr'>constructio</span> <span class='ocrx_word' id='word_1_258' title='bbox 659 3428 748 3482; x_wconf 88' lang='lat' dir='ltr'>nacta</span> <span class='ocrx_word' id='word_1_259' title='bbox 769 3426 816 3480; x_wconf 88' lang='lat' dir='ltr'>est</span> <span class='ocrx_word' id='word_1_260' title='bbox 838 3419 1063 3494; x_wconf 82' lang='lat' dir='ltr'>grammaticos,</span> <span class='ocrx_word' id='word_1_261' title='bbox 1094 3416 1223 3477; x_wconf 84' lang='lat' dir='ltr'>maxime</span> <span class='ocrx_word' id='word_1_262' title='bbox 1246 3416 1342 3476; x_wconf 89' lang='lat' dir='ltr'>Bem-</span> 
     </span>
     <span class='ocr_line' id='line_1_32' title="bbox 259 3519 1342 3606; baseline -0.012 -16"><span class='ocrx_word' id='word_1_263' title='bbox 259 3529 407 3606; x_wconf 84' lang='lat' dir='ltr'>hardynm</span> <span class='ocrx_word' id='word_1_264' title='bbox 436 3528 533 3606; x_wconf 72' lang='lat' dir='ltr'>(synt,</span> <span class='ocrx_word' id='word_1_265' title='bbox 556 3547 585 3604; x_wconf 94' lang='lat' dir='ltr'>p.</span> <span class='ocrx_word' id='word_1_266' title='bbox 605 3524 703 3602; x_wconf 74' lang='grc'><strong>176).’</strong></span> <span class='ocrx_word' id='word_1_267' title='bbox 729 3525 938 3584; x_wconf 86' lang='lat' dir='ltr'>Hermanuum</span> <span class='ocrx_word' id='word_1_268' title='bbox 967 3522 1018 3600; x_wconf 85' lang='lat' dir='ltr'>(ad</span> <span class='ocrx_word' id='word_1_269' title='bbox 1040 3520 1109 3596; x_wconf 79' lang='lat' dir='ltr'>vig.</span> <span class='ocrx_word' id='word_1_270' title='bbox 1131 3541 1160 3598; x_wconf 84' lang='lat' dir='ltr'>p.</span> <span class='ocrx_word' id='word_1_271' title='bbox 1178 3519 1252 3597; x_wconf 82' lang='lat'>760)</span> <span class='ocrx_word' id='word_1_272' title='bbox 1282 3519 1342 3578; x_wconf 87' lang='lat' dir='ltr'>sci·</span> 
     </span>
     <span class='ocr_line' id='line_1_33' title="bbox 260 3621 1341 3702; baseline -0.01 -10"><span class='ocrx_word' id='word_1_273' title='bbox 260 3653 325 3692; x_wconf 90' lang='lat' dir='ltr'>mus</span> <span class='ocrx_word' id='word_1_274' title='bbox 345 3637 476 3691; x_wconf 84' lang='lat' dir='ltr'>mutasse</span> <span class='ocrx_word' id='word_1_275' title='bbox 507 3629 697 3690; x_wconf 87' lang='lat' dir='ltr'>seutentiam.</span> <span class='ocrx_word' id='word_1_276' title='bbox 740 3629 906 3688; x_wconf 84' lang='lat' dir='ltr'>Defensum</span> <span class='ocrx_word' id='word_1_277' title='bbox 935 3625 1015 3685; x_wconf 89' lang='lat' dir='ltr'>enim</span> <span class='ocrx_word' id='word_1_278' title='bbox 1037 3622 1167 3702; x_wconf 83' lang='lat' dir='ltr'>primum</span> <span class='ocrx_word' id='word_1_279' title='bbox 1195 3621 1341 3683; x_wconf 86' lang='lat' dir='ltr'>accusati·</span> 
     </span>
     <span class='ocr_line' id='line_1_34' title="bbox 259 3726 1342 3814; baseline -0.015 -15"><span class='ocrx_word' id='word_1_280' title='bbox 259 3756 331 3799; x_wconf 88' lang='lat' dir='ltr'>vum</span> <span class='ocrx_word' id='word_1_281' title='bbox 352 3740 456 3814; x_wconf 88' lang='lat' dir='ltr'>postea</span> <span class='ocrx_word' id='word_1_282' title='bbox 479 3732 594 3812; x_wconf 84' lang='lat' dir='ltr'>sprevit</span> <span class='ocrx_word' id='word_1_283' title='bbox 614 3733 658 3791; x_wconf 90' lang='lat' dir='ltr'>ita</span> <span class='ocrx_word' id='word_1_284' title='bbox 679 3737 713 3790; x_wconf 90' lang='lat' dir='ltr'>ut</span> <span class='ocrx_word' id='word_1_285' title='bbox 736 3731 773 3790; x_wconf 91' lang='lat' dir='ltr'>ad</span> <span class='ocrx_word' id='word_1_286' title='bbox 796 3728 985 3790; x_wconf 86' lang='lat' dir='ltr'>attractionis</span> <span class='ocrx_word' id='word_1_287' title='bbox 1008 3726 1156 3806; x_wconf 90' lang='lat' dir='ltr'>quoddam</span> <span class='ocrx_word' id='word_1_288' title='bbox 1176 3745 1271 3801; x_wconf 83' lang='lat' dir='ltr'>genus</span> <span class='ocrx_word' id='word_1_289' title='bbox 1293 3744 1342 3784; x_wconf 89' lang='lat' dir='ltr'>re-</span> 
     </span>
     <span class='ocr_line' id='line_1_35' title="bbox 261 3827 1341 3914; baseline -0.012 -15"><span class='ocrx_word' id='word_1_290' title='bbox 261 3843 404 3900; x_wconf 85' lang='lat' dir='ltr'>curreret.</span> <span class='ocrx_word' id='word_1_291' title='bbox 438 3837 487 3914; x_wconf 90' lang='lat' dir='ltr'>(de</span> <span class='ocrx_word' id='word_1_292' title='bbox 502 3836 663 3896; x_wconf 83' lang='lat' dir='ltr'>Homerico</span> <span class='ocrx_word' id='word_1_293' title='bbox 686 3855 742 3894; x_wconf 90' lang='lat' dir='ltr'>usu</span> <span class='ocrx_word' id='word_1_294' title='bbox 765 3835 850 3895; x_wconf 90' lang='lat' dir='ltr'>docte</span> <span class='ocrx_word' id='word_1_295' title='bbox 873 3839 903 3892; x_wconf 93' lang='lat' dir='ltr'>et</span> <span class='ocrx_word' id='word_1_296' title='bbox 925 3835 1062 3890; x_wconf 85' lang='lat' dir='ltr'>accurato</span> <span class='ocrx_word' id='word_1_297' title='bbox 1085 3829 1163 3889; x_wconf 81' lang='lat' dir='ltr'>dixit</span> <span class='ocrx_word' id='word_1_298' title='bbox 1179 3830 1223 3888; x_wconf 86' lang='lat' dir='ltr'>La</span> <span class='ocrx_word' id='word_1_299' title='bbox 1236 3827 1341 3888; x_wconf 88' lang='lat' dir='ltr'>Roche</span> 
     </span>
     <span class='ocr_line' id='line_1_36' title="bbox 259 3929 1341 4017; baseline -0.008 -15"><span class='ocrx_word' id='word_1_300' title='bbox 259 3943 293 4002; x_wconf 91' lang='lat' dir='ltr'>iu</span> <span class='ocrx_word' id='word_1_301' title='bbox 314 3942 392 4002; x_wconf 87' lang='lat' dir='ltr'>libro</span> <span class='ocrx_word' id='word_1_302' title='bbox 415 3939 530 4016; x_wconf 82' lang='lat' dir='ltr'>citato).</span> <span class='ocrx_word' id='word_1_303' title='bbox 561 3972 602 3983; x_wconf 95' lang='lat'>··-</span> <span class='ocrx_word' id='word_1_304' title='bbox 630 3938 809 4017; x_wconf 77' lang='lat' dir='ltr'>Aeschyleis</span> <span class='ocrx_word' id='word_1_305' title='bbox 838 3933 983 4012; x_wconf 84' lang='lat' dir='ltr'>exemplis</span> <span class='ocrx_word' id='word_1_306' title='bbox 1014 3932 1116 3992; x_wconf 87' lang='lat' dir='ltr'>statim</span> <span class='ocrx_word' id='word_1_307' title='bbox 1147 3936 1216 3992; x_wconf 80' lang='lat' dir='ltr'>utar</span> <span class='ocrx_word' id='word_1_308' title='bbox 1246 3929 1341 3994; x_wconf 88' lang='lat' dir='ltr'>hisce.</span> 
     </span>
     <span class='ocr_line' id='line_1_37' title="bbox 261 4047 417 4106; baseline 0 0"><span class='ocrx_word' id='word_1_309' title='bbox 261 4047 315 4106; x_wconf 79' lang='lat' dir='ltr'>(lh.</span> <span class='ocrx_word' id='word_1_310' title='bbox 339 4050 417 4106; x_wconf 81' lang='lat'><strong>692:</strong></span> 
     </span>
    </p>

    <p class='ocr_par' dir='ltr' id='par_1_6' title="bbox 346 4127 1341 4225">
     <span class='ocr_line' id='line_1_38' title="bbox 346 4127 1341 4225; baseline -0.013 -18"><span class='ocrx_word' id='word_1_311' title='bbox 346 4138 412 4208; x_wconf 73' lang='grc' dir='ltr'><strong><em>ἔσθ’</em></strong></span> <span class='ocrx_word' id='word_1_312' title='bbox 427 4138 446 4207; x_wconf 85' lang='grc' dir='ltr'><strong><em>ύ</em></strong></span> <span class='ocrx_word' id='word_1_313' title='bbox 459 4137 564 4225; x_wconf 72' lang='grc' dir='ltr'><strong><em>καιρός</em></strong></span> <span class='ocrx_word' id='word_1_314' title='bbox 579 4135 779 4223; x_wconf 73' lang='grc' dir='ltr'><strong><em>ἡμερεύοντας</em></strong></span> <span class='ocrx_word' id='word_1_315' title='bbox 793 4138 896 4214; x_wconf 81' lang='grc' dir='ltr'><strong><em>ξένους</em></strong></span> <span class='ocrx_word' id='word_1_316' title='bbox 914 4137 921 4223; x_wconf 96' lang='grc' dir='ltr'>Ι</span> <span class='ocrx_word' id='word_1_317' title='bbox 939 4139 1055 4219; x_wconf 83' lang='grc' dir='ltr'><strong><em>μακρᾶς</em></strong></span> <span class='ocrx_word' id='word_1_318' title='bbox 1071 4129 1218 4198; x_wconf 79' lang='grc' dir='ltr'><strong><em>κελεύθου</em></strong></span> <span class='ocrx_word' id='word_1_319' title='bbox 1232 4127 1341 4216; x_wconf 82' lang='grc' dir='ltr'><strong><em>τυγχύ-</em></strong></span> 
     </span>
    </p>
   </div>
   <div class='ocr_carea' id='block_1_3' title="bbox 0 0 1431 4590">
    <p class='ocr_par' dir='ltr' id='par_1_7' title="bbox 0 0 1431 4590">
     <span class='ocr_line' id='line_1_39' title="bbox 0 0 1431 4590; baseline 0 0"><span class='ocrx_word' id='word_1_320' title='bbox 0 0 1431 4590; x_wconf 95' lang='lat' dir='ltr'> </span> 
     </span>
    </p>
   </div>
  </div>
 </body>
</html>
