2850 4590
600 264 934 367 ..4g-'

171 461 334 532 exaggerat
356 456 438 535 Sept.
456 461 531 516 833:
556 448 670 516 πόνοι
692 449 740 516 πιί
748 478 822 515 νων
845 448 947 532 δόμων
963 451 1101 530 ἐφέστιοι.
1139 456 1243 535 Suppl.

173 559 250 620 507:
282 551 371 629 δίναξ
401 551 577 619 άνάκτων
606 552 750 637 μακάρων
772 552 939 637 μακάρτατε
962 592 1001 604 -
1025 555 1075 617 καλ
1106 554 1245 616 τελίωυ

170 656 405 722 τελειότατον
434 655 551 739 κράτος.
595 664 679 722 Pers.
704 666 782 721 661:
813 657 953 720 δέσποτα,
971 660 1134 733 δεσποτᾶν,
1166 661 1245 740 quod

169 765 337 827 rectissime
359 765 495 825 restituit
516 765 691 824 Dindorfius
713 785 768 844 pro
792 765 902 824 codicis
925 757 1082 824 δεσπότου.

256 868 356 946 (Quod
379 867 489 927 attinet
510 869 547 926 ad
569 889 663 943 genus
686 870 858 928 conferatur
879 868 972 930 velim
999 868 1089 927 etiam
1111 869 1193 926 Pers.
1213 870 1245 924 l:

176 966 275 1030 Τάδε
297 965 349 1045 μὲν
375 969 499 1047 Περσῶν
526 971 583 1028 τῶν
605 966 792 1051 οίχομίνωνΙ
818 1005 858 1014 -
881 963 997 1030 πιστά
1020 973 1157 1029 καλεῖται.
1202 968 1245 1027 ib.

173 1081 249 1135 842:
271 1068 308 1131 οὐ
326 1066 380 1150 γάρ
403 1065 438 1129 τά
455 1063 571 1144 φίλτατ’
591 1069 622 1130 ἒν
637 1077 741 1142 κακοῖς
756 1067 949 1152 προδώσομεν
970 1075 1078 1133 Blomf.
1097 1075 1185 1149 gloss.
1208 1072 1245 1130 ad

172 1181 254 1238 Pers.
278 1198 308 1239 v.
327 1176 367 1252 1.)
389 1209 431 1219 -
1215 1171 1218 1176 ’

257 1281 315 1339 Sed
336 1284 371 1338 ut
391 1283 579 1339 revertamur
607 1280 645 1337 ad
667 1279 866 1356 propositum,
897 1282 1069 1358 exemplum
1091 1279 1173 1338 aliud
1195 1298 1245 1352 ga·

172 1384 269 1445 nativi
292 1381 432 1461 partitivi
454 1402 491 1439 ex
515 1381 657 1458 adjectivi
679 1387 786 1441 neutro
809 1384 872 1461 apti
894 1383 1075 1461 interpretes
1099 1388 1129 1442 et
1151 1380 1246 1440 edite-

172 1508 220 1546 res
249 1488 421 1545 statuebant
442 1487 498 1558 Ag.
518 1483 615 1543 1567:
644 1479 768 1560 ἔθρυπτ’
796 1477 915 1545 άνωθεν
938 1479 1092 1564 ἀνδρακάς
1112 1476 1245 1558 καθήμε·

173 1611 232 1658 νος.
267 1581 394 1663 άσημα
416 1580 445 1645 δ’
472 1581 595 1644 αὐτῶν
618 1579 713 1645 αὐτίκ’
735 1581 841 1670 άγνοίᾳ
863 1581 962 1664 λαβών
985 1594 1040 1648 etc.
1064 1589 1245 1666 (Klausenus

172 1692 288 1751 reddit:
311 1691 477 1764 „nonnulla
498 1710 537 1748 ex
558 1688 612 1763 iis,
636 1710 712 1769 quae
729 1692 813 1750 nullo
829 1692 914 1767 signo
930 1692 1051 1767 agnosci
1066 1687 1244 1768 peterant“).

172 1796 286 1856 Verum
307 1792 464 1868 ingeniosa
487 1813 557 1851 sane
580 1794 751 1868 conjectura
773 1794 895 1873 scripsit
915 1790 1105 1855 Dindorfius:

259 1890 387 1972 ἔθρυπτ’
413 1889 533 1953 άνωθεν
563 1887 717 1973 ἀνδρακάς
746 1891 920 1973 καθήμενος
943 1889 1070 1972 άσημ’·
1101 1889 1118 1954 δ
1141 1891 1167 1954 d’
1194 1887 1246 1953 αδ-

172 2003 231 2059 τῶν
254 1990 355 2057 αὐτίκ’
378 1989 483 2079 άγνοίηι
505 1990 604 2073 λοβοίν
627 1994 709 2057 ἔσθει
728 1992 827 2077 βοράν
845 1993 967 2058 άσωιον.
991 2034 1032 2044 -
1054 2000 1246 2058 Hermannus

173 2102 331 2164 Dindc'rfie
354 2100 554 2179 adstipulatus
577 2121 682 2161 versus
705 2108 805 2162 tamen
828 2102 979 2180 expressit
999 2103 1058 2161 ita:

260 2197 381 2283 ἔτραπ’
408 2193 528 2262 άνωθεν
559 2194 709 2280 α’νδροικάς
738 2204 923 2281 καθημένοις
944 2198 1053 2280 ἄσημ’·
1085 2196 1102 2262 δ
1132 2197 1162 2260 δ’
1195 2195 1246 2258 ατί-

173 2311 233 2369 acis
248 2314 304 2368 etc.
327 2341 369 2352 -

261 2409 292 2489 β)
314 2412 408 2470 Plane
430 2409 585 2469 dissimilis
607 2411 713 2470 modus
736 2417 782 2470 est
803 2411 838 2484 is,
863 2431 921 2490 quc
943 2417 1084 2470 neutrum
1106 2408 1250 2486 adjectivi
1360 2489 1361 2493 ἵ

177 2538 242 2576 cum
266 2514 407 2590 genetivo
430 2512 576 2590 partitive
605 2512 650 2571 ita
673 2514 875 2587 consociatur,
907 2518 942 2572 ut
970 2514 1048 2572 nihil
1077 2511 1249 2590 partitionis

177 2620 217 2678 sit
230 2617 466 2691 intellegendum
483 2616 533 2693 (cf.
549 2617 640 2692 Soph.
655 2619 728 2675 Ant.
744 2621 841 2675 1209:
864 2608 964 2693 δίσημα
979 2614 1061 2692 βοῆς.
1095 2616 1137 2675 ib.
1153 2619 1250 2672 1265:

177 2716 288 2794 άνολβα
310 2712 529 2796 βουλευμάτων.
568 2719 768 2778 Trach.117:
791 2713 895 2794 βιότου
911 2713 1105 2798 πολύπονον).
1146 2719 1250 2794 (iujus-

175 2825 257 2885 modi
284 2824 423 2900 exempla
451 2823 530 2901 apud
550 2824 736 2900 Aeschylum
764 2823 918 2882 rarissima
945 2828 1029 2883 sunt:
1061 2825 1148 2882 Eum.
1173 2825 1249 2878 660:

177 2924 217 2997 είς
239 2919 272 2985 ιδ
296 2928 356 2984 πᾶν
377 2919 496 3002 χρόνον.
540 2925 653 2985 Eodem
683 2947 772 2986 sensu
801 2926 879 2991 nude
902 2926 1033 3004 pesitum
1055 2925 1190 2987 videmus
1220 2918 1250 2989 ἐς
1287 2911 1291 2921 ’

176 3024 208 3087 τά
233 3031 309 3087 πάντ
338 3030 471 3106 Ohoeph.
489 3033 559 3087 665.
582 3030 668 3087 Eum.
687 3030 736 3103 83,
760 3029 831 3088 397.
856 3029 926 3087 873.
952 3033 1042 3088 1020.
1075 3026 1249 3106 [„0mninc“

177 3132 328 3208 significat
342 3165 383 3174 -
399 3132 499 3195 Schol.
515 3133 555 3190 M.
575 3133 613 3189 ad
627 3133 713 3190 Eum.
731 3137 791 3192 530
809 3133 1033 3200 καθολικῶς
1048 3165 1089 3175 --
1103 3134 1160 3204 Ag.
1177 3135 1248 3188 660.

177 3237 230 3295 Oh.
248 3240 318 3294 932.
341 3236 427 3293 Eum.
447 3239 495 3293 52.
519 3235 560 3295 ib.
576 3234 653 3293 198?
676 3225 743 3312 (εἷς
758 3235 942 3314 Oanterus.)]
964 3269 1006 3278 —-
1028 3235 1094 3294 Uno
1110 3236 1164 3293 sub
1181 3252 1249 3290 eon·

177 3343 282 3416 speetu
304 3343 455 3415 ponantur
476 3338 585 3398 deinde
607 3337 667 3398 leci
689 3340 748 3398 duo
771 3338 944 3398 difficillimi
966 3338 1124 3398 emendatu
1145 3337 1249 3414 Suppl⁴

180 3441 256 3500 731:
287 3433 357 3503 οὐδὲ
379 3435 533 3514 πισμάτων
556 3440 703 3517 σωτηρίου
723 3440 727 3522 Ι
748 3439 778 3511 ἐς
799 3443 855 3521 γῆν
878 3439 1017 3520 ἐνεγκεῖν,
1041 3441 1089 3501 Sic
1110 3441 1152 3498 M.
1197 3439 1250 3500 Vi-

178 3543 305 3603 ctorius:
328 3536 506 3618 πεισμάτων.
538 3544 711 3605 Turnebus:
732 3538 887 3618 πισμάτων
901 3543 1038 3623 σωτηρία.
1069 3545 1251 3603 Herman-

177 3668 245 3705 nus
268 3669 306 3706 ex
329 3646 517 3721 Scaligeri
538 3647 746 3707 emendatione
767 3648 889 3727 scripsit
903 3643 1032 3726 σωτήρια
1055 3649 1163 3707 collate
1178 3648 1250 3705 Eur.

177 3749 226 3808 Tr.
241 3755 315 3809 810:
338 3740 453 3807 ναύδετ’
472 3743 611 3824 ἀνήψατο
627 3752 775 3828 πρυμνᾶν,
798 3772 977 3832 quamquam
991 3757 1110 3831 poetam
1125 3752 1251 3809 fortasse

178 3852 335 3926 πείσματος
351 3850 494 3929 σωτηρίου
511 3851 665 3930 scripsisse
687 3854 810 3914 fatetur.
832 3889 874 3898 -
896 3855 1044 3935 Equidem
1059 3853 1182 3914 lectioni
1205 3853 1251 3911 illi

179 3955 368 4029 aScaligerc
400 3960 430 4014 et
452 3957 625 4015 Hermanno
653 3961 861 4036 comprobatae
883 3959 995 4037 (Sahal.
1012 3961 1070 4018 M.:
1103 3949 1168 4015 άντὶ
1198 3957 1252 4014 τοῦ

178 4058 356 4133 πείσματα
380 4053 552 4135 σωτήρια)
574 4063 673 4119 lucem
689 4061 828 4120 existimo
845 4063 957 4121 adferri
972 4064 1037 4122 leco
1056 4063 1150 4120 altero
1174 4080 1251 4118 com·

178 4165 297 4236 parato,
327 4162 379 4239 qui
406 4183 468 4221 non
497 4162 596 4223 minus
618 4163 732 4238 negotii
754 4164 911 4226 facessivit
932 4164 1007 4227 viris
1028 4164 1138 4224 doctis:
1170 4164 1251 4239 Sept.
