<?xml version="1.0" encoding="UTF-8"?>
<!DOCTYPE html PUBLIC "-//W3C//DTD XHTML 1.0 Transitional//EN"
    "http://www.w3.org/TR/xhtml1/DTD/xhtml1-transitional.dtd">
<html xmlns="http://www.w3.org/1999/xhtml" xml:lang="en" lang="en">
 <head>
  <title>
</title>
<meta http-equiv="Content-Type" content="text/html;charset=utf-8" />
  <meta name='ocr-system' content='tesseract 3.04.00' />
  <meta name='ocr-capabilities' content='ocr_page ocr_carea ocr_par ocr_line ocrx_word'/>
</head>
<body>
  <div class='ocr_page' id='page_1' title='image "./degenuiniquemvo00schegoog_0109.png"; bbox 0 0 2850 4590; ppageno 0'>
   <div class='ocr_carea' id='block_1_1' title="bbox 594 297 829 366">
    <p class='ocr_par' dir='ltr' id='par_1_1' title="bbox 594 297 829 366">
     <span class='ocr_line' id='line_1_1' title="bbox 594 297 829 366; baseline 0 -20"><span class='ocrx_word' id='word_1_1' title='bbox 594 297 829 366; x_wconf 76' lang='lat'>..100-</span> 
     </span>
    </p>
   </div>
   <div class='ocr_carea' id='block_1_2' title="bbox 169 447 1254 1255">
    <p class='ocr_par' dir='ltr' id='par_1_2' title="bbox 169 447 1254 1255">
     <span class='ocr_line' id='line_1_2' title="bbox 170 447 1254 534; baseline -0.006 -18"><span class='ocrx_word' id='word_1_2' title='bbox 170 455 261 516; x_wconf 84' lang='lat' dir='ltr'><strong>etiam</strong></span> <span class='ocrx_word' id='word_1_3' title='bbox 284 454 322 513; x_wconf 82' lang='lat' dir='ltr'><strong><em>ad</em></strong></span> <span class='ocrx_word' id='word_1_4' title='bbox 344 447 463 513; x_wconf 87' lang='grc' dir='ltr'><strong><em>άνωθεν</em></strong></span> <span class='ocrx_word' id='word_1_5' title='bbox 484 454 732 530; x_wconf 84' lang='lat' dir='ltr'><strong>intellegendum.</strong></span> <span class='ocrx_word' id='word_1_6' title='bbox 776 453 915 534; x_wconf 76' lang='lat' dir='ltr'>Reliquis</span> <span class='ocrx_word' id='word_1_7' title='bbox 936 452 1028 526; x_wconf 88' lang='lat' dir='ltr'><strong>locis,</strong></span> <span class='ocrx_word' id='word_1_8' title='bbox 1051 453 1161 532; x_wconf 86' lang='lat' dir='ltr'><strong>quibus</strong></span> <span class='ocrx_word' id='word_1_9' title='bbox 1182 452 1254 531; x_wconf 87' lang='lat' dir='ltr'><strong>pari</strong></span> 
     </span>
     <span class='ocr_line' id='line_1_3' title="bbox 169 554 1253 637; baseline -0.003 -21"><span class='ocrx_word' id='word_1_10' title='bbox 169 559 257 618; x_wconf 87' lang='lat' dir='ltr'><strong>modo</strong></span> <span class='ocrx_word' id='word_1_11' title='bbox 281 555 414 637; x_wconf 91' lang='lat' dir='ltr'><strong>quietem</strong></span> <span class='ocrx_word' id='word_1_12' title='bbox 441 557 475 617; x_wconf 90' lang='lat' dir='ltr'><strong><em>in</em></strong></span> <span class='ocrx_word' id='word_1_13' title='bbox 496 559 562 617; x_wconf 90' lang='lat' dir='ltr'><strong>locc</strong></span> <span class='ocrx_word' id='word_1_14' title='bbox 586 557 740 637; x_wconf 78' lang='lat' dir='ltr'>superiore</span> <span class='ocrx_word' id='word_1_15' title='bbox 762 561 853 637; x_wconf 89' lang='lat' dir='ltr'><strong>atque</strong></span> <span class='ocrx_word' id='word_1_16' title='bbox 876 556 930 615; x_wconf 81' lang='lat' dir='ltr'><strong><em>ch.</em></strong></span> <span class='ocrx_word' id='word_1_17' title='bbox 947 558 1005 616; x_wconf 78' lang='lat'><strong><em>821</em></strong></span> <span class='ocrx_word' id='word_1_18' title='bbox 1029 554 1159 629; x_wconf 86' lang='lat' dir='ltr'><strong>indicat,</strong></span> <span class='ocrx_word' id='word_1_19' title='bbox 1188 575 1253 614; x_wconf 91' lang='lat' dir='ltr'><strong><em>non</em></strong></span> 
     </span>
     <span class='ocr_line' id='line_1_4' title="bbox 169 649 1253 738; baseline -0.004 -18"><span class='ocrx_word' id='word_1_20' title='bbox 169 659 286 738; x_wconf 87' lang='lat' dir='ltr'><strong>petitur</strong></span> <span class='ocrx_word' id='word_1_21' title='bbox 307 659 483 735; x_wconf 74' lang='lat' dir='ltr'><strong>genetivum</strong></span> <span class='ocrx_word' id='word_1_22' title='bbox 505 659 564 720; x_wconf 88' lang='lat' dir='ltr'><strong>sibi</strong></span> <span class='ocrx_word' id='word_1_23' title='bbox 586 660 706 720; x_wconf 80' lang='lat' dir='ltr'><strong>adnecti</strong></span> <span class='ocrx_word' id='word_1_24' title='bbox 727 662 784 734; x_wconf 84' lang='lat' dir='ltr'><strong><em>Ag.</em></strong></span> <span class='ocrx_word' id='word_1_25' title='bbox 802 664 880 720; x_wconf 82' lang='lat'><strong>835:</strong></span> <span class='ocrx_word' id='word_1_26' title='bbox 910 651 1020 736; x_wconf 70' lang='grc' dir='ltr'><strong><em>πολλήν</em></strong></span> <span class='ocrx_word' id='word_1_27' title='bbox 1042 651 1171 729; x_wconf 85' lang='grc' dir='ltr'><strong><em>άνωθεν,</em></strong></span> <span class='ocrx_word' id='word_1_28' title='bbox 1195 649 1253 734; x_wconf 78' lang='grc' dir='ltr'><strong><em>τὴν</em></strong></span> 
     </span>
     <span class='ocr_line' id='line_1_5' title="bbox 169 752 1252 845; baseline -0.003 -23"><span class='ocrx_word' id='word_1_29' title='bbox 169 754 252 822; x_wconf 89' lang='grc' dir='ltr'><strong><em>κάτω</em></strong></span> <span class='ocrx_word' id='word_1_30' title='bbox 279 757 335 842; x_wconf 80' lang='grc' dir='ltr'><strong><em>γάρ</em></strong></span> <span class='ocrx_word' id='word_1_31' title='bbox 367 752 405 822; x_wconf 87' lang='grc' dir='ltr'><strong><em>ού</em></strong></span> <span class='ocrx_word' id='word_1_32' title='bbox 425 760 500 842; x_wconf 81' lang='grc' dir='ltr'><strong><em>λέγω</em></strong></span> <span class='ocrx_word' id='word_1_33' title='bbox 519 759 524 845; x_wconf 99' lang='grc' dir='ltr'>Ι</span> <span class='ocrx_word' id='word_1_34' title='bbox 543 755 656 840; x_wconf 82' lang='grc' dir='ltr'><strong><em>χθονδς</em></strong></span> <span class='ocrx_word' id='word_1_35' title='bbox 683 761 837 840; x_wconf 75' lang='grc' dir='ltr'><strong><em>τρίμοιρον</em></strong></span> <span class='ocrx_word' id='word_1_36' title='bbox 863 763 983 840; x_wconf 86' lang='grc' dir='ltr'><strong><em>χλαῖναν</em></strong></span> <span class='ocrx_word' id='word_1_37' title='bbox 1005 754 1119 839; x_wconf 81' lang='grc' dir='ltr'><strong><em>έξηύχει</em></strong></span> <span class='ocrx_word' id='word_1_38' title='bbox 1140 752 1252 836; x_wconf 74' lang='grc' dir='ltr'><strong><em>λαβούν.</em></strong></span> 
     </span>
     <span class='ocr_line' id='line_1_6' title="bbox 169 854 1253 947; baseline -0.005 -21"><span class='ocrx_word' id='word_1_39' title='bbox 169 866 211 927; x_wconf 93' lang='lat' dir='ltr'><strong><em>ib.</em></strong></span> <span class='ocrx_word' id='word_1_40' title='bbox 229 871 306 926; x_wconf 80' lang='lat'><strong>839:</strong></span> <span class='ocrx_word' id='word_1_41' title='bbox 329 859 440 936; x_wconf 82' lang='grc' dir='ltr'><strong><em>πολλάς</em></strong></span> <span class='ocrx_word' id='word_1_42' title='bbox 455 858 574 925; x_wconf 84' lang='grc' dir='ltr'><strong><em>άνωθεν</em></strong></span> <span class='ocrx_word' id='word_1_43' title='bbox 589 858 720 945; x_wconf 85' lang='grc' dir='ltr'><strong><em>άρτάνας</em></strong></span> <span class='ocrx_word' id='word_1_44' title='bbox 735 862 808 943; x_wconf 74' lang='grc' dir='ltr'><strong><em>ἐμῆς</em></strong></span> <span class='ocrx_word' id='word_1_45' title='bbox 823 861 911 944; x_wconf 90' lang='grc' dir='ltr'><strong><em>δέρης</em></strong></span> <span class='ocrx_word' id='word_1_46' title='bbox 930 861 935 947; x_wconf 97' lang='grc' dir='ltr'>Ι</span> <span class='ocrx_word' id='word_1_47' title='bbox 955 861 1061 924; x_wconf 88' lang='grc' dir='ltr'><strong><em>έλοοαν</em></strong></span> <span class='ocrx_word' id='word_1_48' title='bbox 1076 856 1157 922; x_wconf 88' lang='grc' dir='ltr'><strong><em>άλλοι</em></strong></span> <span class='ocrx_word' id='word_1_49' title='bbox 1173 854 1253 942; x_wconf 85' lang='grc' dir='ltr'><strong><em>πρδς</em></strong></span> 
     </span>
     <span class='ocr_line' id='line_1_7' title="bbox 170 959 1254 1049; baseline -0.005 -20"><span class='ocrx_word' id='word_1_50' title='bbox 170 968 240 1047; x_wconf 89' lang='grc' dir='ltr'><strong><em>βίαν</em></strong></span> <span class='ocrx_word' id='word_1_51' title='bbox 268 963 462 1046; x_wconf 69' lang='grc' dir='ltr'><strong><em>λελημμένης,</em></strong></span> <span class='ocrx_word' id='word_1_52' title='bbox 496 969 549 1029; x_wconf 87' lang='lat' dir='ltr'><strong><em>ubi</em></strong></span> <span class='ocrx_word' id='word_1_53' title='bbox 579 969 701 1049; x_wconf 86' lang='lat' dir='ltr'><strong>quidem</strong></span> <span class='ocrx_word' id='word_1_54' title='bbox 728 967 976 1031; x_wconf 78' lang='lat' dir='ltr'><strong>Schneidewinus</strong></span> <span class='ocrx_word' id='word_1_55' title='bbox 1003 959 1123 1027; x_wconf 85' lang='grc' dir='ltr'><strong><em>άνωθεν</em></strong></span> <span class='ocrx_word' id='word_1_56' title='bbox 1148 965 1254 1044; x_wconf 82' lang='lat' dir='ltr'><strong>jungit</strong></span> 
     </span>
     <span class='ocr_line' id='line_1_8' title="bbox 171 1063 1254 1151; baseline -0.006 -18"><span class='ocrx_word' id='word_1_57' title='bbox 171 1092 239 1133; x_wconf 91' lang='lat' dir='ltr'><strong><em>cum</em></strong></span> <span class='ocrx_word' id='word_1_58' title='bbox 268 1072 411 1148; x_wconf 85' lang='lat' dir='ltr'><strong>genetivo</strong></span> <span class='ocrx_word' id='word_1_59' title='bbox 442 1067 517 1150; x_wconf 84' lang='grc' dir='ltr'><strong><em>έμῆς</em></strong></span> <span class='ocrx_word' id='word_1_60' title='bbox 547 1068 644 1151; x_wconf 86' lang='grc' dir='ltr'><strong><em>δέρης.</em></strong></span> <span class='ocrx_word' id='word_1_61' title='bbox 667 1108 709 1117; x_wconf 89' lang='grc'><strong><em>-</em></strong></span> <span class='ocrx_word' id='word_1_62' title='bbox 731 1073 773 1133; x_wconf 87' lang='lat' dir='ltr'><strong><em>ib.</em></strong></span> <span class='ocrx_word' id='word_1_63' title='bbox 799 1076 898 1132; x_wconf 79' lang='lat'>1550:</span> <span class='ocrx_word' id='word_1_64' title='bbox 928 1064 1022 1140; x_wconf 84' lang='grc' dir='ltr'><strong><em>θεούς</em></strong></span> <span class='ocrx_word' id='word_1_65' title='bbox 1049 1063 1168 1129; x_wconf 83' lang='grc' dir='ltr'><strong><em>άνωθεν</em></strong></span> <span class='ocrx_word' id='word_1_66' title='bbox 1197 1071 1254 1148; x_wconf 83' lang='grc' dir='ltr'><strong><em>γῆς</em></strong></span> 
     </span>
     <span class='ocr_line' id='line_1_9' title="bbox 170 1165 1253 1255; baseline -0.003 -19"><span class='ocrx_word' id='word_1_67' title='bbox 170 1167 345 1236; x_wconf 74' lang='grc' dir='ltr'><strong><em>ἐποπτεύειν</em></strong></span> <span class='ocrx_word' id='word_1_68' title='bbox 366 1167 423 1255; x_wconf 80' lang='grc' dir='ltr'><strong><em>άγη</em></strong></span> <span class='ocrx_word' id='word_1_69' title='bbox 446 1175 619 1253; x_wconf 86' lang='lat' dir='ltr'><strong>(genetivus</strong></span> <span class='ocrx_word' id='word_1_70' title='bbox 642 1176 697 1255; x_wconf 81' lang='grc' dir='ltr'><strong><em>γῆς</em></strong></span> <span class='ocrx_word' id='word_1_71' title='bbox 711 1175 847 1254; x_wconf 87' lang='lat' dir='ltr'><strong>pertinet</strong></span> <span class='ocrx_word' id='word_1_72' title='bbox 868 1176 906 1234; x_wconf 88' lang='lat' dir='ltr'><strong><em>ad</em></strong></span> <span class='ocrx_word' id='word_1_73' title='bbox 926 1165 1006 1254; x_wconf 85' lang='grc' dir='ltr'><strong><em>άγη).</em></strong></span> <span class='ocrx_word' id='word_1_74' title='bbox 1029 1208 1072 1220; x_wconf 97' lang='grc'>-</span> <span class='ocrx_word' id='word_1_75' title='bbox 1093 1173 1253 1235; x_wconf 82' lang='lat' dir='ltr'><strong>ib.1565:</strong></span> 
     </span>
    </p>
   </div>
   <div class='ocr_carea' id='block_1_3' title="bbox 66 1268 1253 1362">
    <p class='ocr_par' dir='ltr' id='par_1_3' title="bbox 66 1268 1253 1362">
     <span class='ocr_line' id='line_1_10' title="bbox 66 1268 1253 1362; baseline -0.003 -24"><span class='ocrx_word' id='word_1_76' title='bbox 66 1278 69 1283; x_wconf 70' lang='grc'>’</span> <span class='ocrx_word' id='word_1_77' title='bbox 170 1278 264 1357; x_wconf 71' lang='grc' dir='ltr'><strong><em>χεροῖν</em></strong></span> <span class='ocrx_word' id='word_1_78' title='bbox 286 1268 400 1356; x_wconf 83' lang='grc' dir='ltr'><strong><em>άιιροος</em></strong></span> <span class='ocrx_word' id='word_1_79' title='bbox 427 1273 533 1348; x_wconf 78' lang='grc' dir='ltr'><strong><em>κτένας</em></strong></span> <span class='ocrx_word' id='word_1_80' title='bbox 549 1274 561 1362; x_wconf 95' lang='grc' dir='ltr'><strong><em>ΙΙ</em></strong></span> <span class='ocrx_word' id='word_1_81' title='bbox 577 1272 705 1358; x_wconf 89' lang='grc' dir='ltr'><strong><em>έθροπτ’</em></strong></span> <span class='ocrx_word' id='word_1_82' title='bbox 733 1270 853 1338; x_wconf 87' lang='grc' dir='ltr'><strong><em>άνωθεν</em></strong></span> <span class='ocrx_word' id='word_1_83' title='bbox 874 1268 1011 1352; x_wconf 85' lang='grc' dir='ltr'><strong><em>(άπωθεν</em></strong></span> <span class='ocrx_word' id='word_1_84' title='bbox 1033 1275 1175 1356; x_wconf 85' lang='lat' dir='ltr'><strong>Wcilius)</strong></span> <span class='ocrx_word' id='word_1_85' title='bbox 1199 1269 1253 1334; x_wconf 84' lang='grc' dir='ltr'><strong><em>άν-</em></strong></span> 
     </span>
    </p>
   </div>
   <div class='ocr_carea' id='block_1_4' title="bbox 170 1369 1258 4243">
    <p class='ocr_par' dir='ltr' id='par_1_4' title="bbox 170 1369 1252 1567">
     <span class='ocr_line' id='line_1_11' title="bbox 170 1369 1252 1462; baseline -0.002 -22"><span class='ocrx_word' id='word_1_86' title='bbox 170 1375 286 1461; x_wconf 85' lang='grc' dir='ltr'><strong><em>δραιιάς</em></strong></span> <span class='ocrx_word' id='word_1_87' title='bbox 307 1372 480 1457; x_wconf 78' lang='grc' dir='ltr'><strong><em>καθήμενος</em></strong></span> <span class='ocrx_word' id='word_1_88' title='bbox 498 1377 503 1462; x_wconf 96' lang='grc' dir='ltr'>Ι</span> <span class='ocrx_word' id='word_1_89' title='bbox 523 1373 630 1458; x_wconf 88' lang='grc' dir='ltr'><strong><em>άοημα.</em></strong></span> <span class='ocrx_word' id='word_1_90' title='bbox 675 1381 779 1459; x_wconf 84' lang='lat' dir='ltr'><strong>Suppl.</strong></span> <span class='ocrx_word' id='word_1_91' title='bbox 797 1380 875 1441; x_wconf 80' lang='lat'><strong>577:</strong></span> <span class='ocrx_word' id='word_1_92' title='bbox 897 1371 1017 1450; x_wconf 84' lang='grc' dir='ltr'><strong><em>ούτινος</em></strong></span> <span class='ocrx_word' id='word_1_93' title='bbox 1034 1372 1156 1442; x_wconf 86' lang='grc' dir='ltr'><strong><em>άνωθεν</em></strong></span> <span class='ocrx_word' id='word_1_94' title='bbox 1178 1369 1252 1458; x_wconf 79' lang='grc' dir='ltr'><strong><em>ἡμέ-</em></strong></span> 
     </span>
     <span class='ocr_line' id='line_1_12' title="bbox 171 1476 1043 1567; baseline -0.001 -23"><span class='ocrx_word' id='word_1_95' title='bbox 171 1504 226 1544; x_wconf 91' lang='grc' dir='ltr'><strong><em>νοο</em></strong></span> <span class='ocrx_word' id='word_1_96' title='bbox 249 1478 328 1560; x_wconf 85' lang='grc' dir='ltr'><strong><em>σέβει</em></strong></span> <span class='ocrx_word' id='word_1_97' title='bbox 349 1476 439 1543; x_wconf 82' lang='grc' dir='ltr'><strong><em>κάτω.</em></strong></span> <span class='ocrx_word' id='word_1_98' title='bbox 1040 1562 1043 1567; x_wconf 17' lang='lat'><strong>⁴</strong></span> 
     </span>
    </p>

    <p class='ocr_par' dir='ltr' id='par_1_5' title="bbox 170 1579 1254 1770">
     <span class='ocr_line' id='line_1_13' title="bbox 256 1579 1254 1666; baseline 0 -21"><span class='ocrx_word' id='word_1_99' title='bbox 256 1580 434 1666; x_wconf 75' lang='grc' dir='ltr'><strong><em>ἀνωτέρω</em></strong></span> <span class='ocrx_word' id='word_1_100' title='bbox 458 1589 550 1648; x_wconf 84' lang='lat' dir='ltr'><strong>semel</strong></span> <span class='ocrx_word' id='word_1_101' title='bbox 566 1587 680 1663; x_wconf 86' lang='lat' dir='ltr'><strong>legitur</strong></span> <span class='ocrx_word' id='word_1_102' title='bbox 702 1588 766 1648; x_wconf 88' lang='lat' dir='ltr'><strong>eine</strong></span> <span class='ocrx_word' id='word_1_103' title='bbox 789 1588 930 1663; x_wconf 86' lang='lat' dir='ltr'><strong>genetivo</strong></span> <span class='ocrx_word' id='word_1_104' title='bbox 952 1591 1003 1649; x_wconf 89' lang='lat' dir='ltr'><strong><em>Pr.</em></strong></span> <span class='ocrx_word' id='word_1_105' title='bbox 1020 1592 1098 1648; x_wconf 81' lang='lat'>316:</span> <span class='ocrx_word' id='word_1_106' title='bbox 1122 1579 1187 1664; x_wconf 81' lang='grc' dir='ltr'><strong><em>τάχ’</em></strong></span> <span class='ocrx_word' id='word_1_107' title='bbox 1212 1579 1254 1646; x_wconf 86' lang='grc' dir='ltr'><strong><em>άν</em></strong></span> 
     </span>
     <span class='ocr_line' id='line_1_14' title="bbox 170 1682 969 1770; baseline 0.003 -21"><span class='ocrx_word' id='word_1_108' title='bbox 170 1704 226 1749; x_wconf 78' lang='lat' dir='ltr'><strong>ecc</strong></span> <span class='ocrx_word' id='word_1_109' title='bbox 248 1685 300 1748; x_wconf 82' lang='grc' dir='ltr'><strong><em>καί</em></strong></span> <span class='ocrx_word' id='word_1_110' title='bbox 321 1682 439 1770; x_wconf 84' lang='grc' dir='ltr'><strong><em>μακράν</em></strong></span> <span class='ocrx_word' id='word_1_111' title='bbox 460 1684 601 1768; x_wconf 87' lang='grc' dir='ltr'><strong><em>άνωτέρω</em></strong></span> <span class='ocrx_word' id='word_1_112' title='bbox 621 1687 626 1769; x_wconf 92' lang='grc' dir='ltr'>Ι</span> <span class='ocrx_word' id='word_1_113' title='bbox 646 1691 753 1750; x_wconf 75' lang='grc' dir='ltr'><strong><em>θακῶν</em></strong></span> <span class='ocrx_word' id='word_1_114' title='bbox 774 1683 860 1752; x_wconf 89' lang='grc' dir='ltr'><strong><em>κλύοι</em></strong></span> <span class='ocrx_word' id='word_1_115' title='bbox 885 1684 969 1761; x_wconf 87' lang='grc' dir='ltr'><strong><em>Ζεύς.</em></strong></span> 
     </span>
    </p>

    <p class='ocr_par' dir='ltr' id='par_1_6' title="bbox 170 1786 1254 2285">
     <span class='ocr_line' id='line_1_15' title="bbox 256 1786 1253 1872; baseline 0.001 -19"><span class='ocrx_word' id='word_1_116' title='bbox 256 1786 364 1853; x_wconf 89' lang='grc' dir='ltr'><strong><em>κάτω.</em></strong></span> <span class='ocrx_word' id='word_1_117' title='bbox 409 1794 508 1854; x_wconf 81' lang='lat' dir='ltr'><strong>Semel</strong></span> <span class='ocrx_word' id='word_1_118' title='bbox 530 1794 655 1854; x_wconf 73' lang='lat' dir='ltr'><strong>arcessit</strong></span> <span class='ocrx_word' id='word_1_119' title='bbox 677 1794 865 1870; x_wconf 78' lang='lat' dir='ltr'><strong>genetivum,</strong></span> <span class='ocrx_word' id='word_1_120' title='bbox 888 1795 941 1856; x_wconf 90' lang='lat' dir='ltr'><strong><em>ubi</em></strong></span> <span class='ocrx_word' id='word_1_121' title='bbox 961 1797 1049 1872; x_wconf 84' lang='lat' dir='ltr'><strong>juxte</strong></span> <span class='ocrx_word' id='word_1_122' title='bbox 1071 1790 1175 1872; x_wconf 88' lang='grc' dir='ltr'><strong><em>ένερθε</em></strong></span> <span class='ocrx_word' id='word_1_123' title='bbox 1196 1814 1253 1872; x_wconf 84' lang='lat' dir='ltr'><strong><em>po-</em></strong></span> 
     </span>
     <span class='ocr_line' id='line_1_16' title="bbox 171 1889 1254 1976; baseline 0 -20"><span class='ocrx_word' id='word_1_124' title='bbox 171 1896 256 1956; x_wconf 84' lang='lat' dir='ltr'><strong>nitur</strong></span> <span class='ocrx_word' id='word_1_125' title='bbox 276 1897 363 1956; x_wconf 83' lang='lat' dir='ltr'><strong>Eum.</strong></span> <span class='ocrx_word' id='word_1_126' title='bbox 383 1899 482 1957; x_wconf 88' lang='lat'>1001:</span> <span class='ocrx_word' id='word_1_127' title='bbox 506 1893 642 1974; x_wconf 87' lang='grc' dir='ltr'><strong><em>(πέμψω)</em></strong></span> <span class='ocrx_word' id='word_1_128' title='bbox 660 1931 703 1942; x_wconf 92' lang='grc'>-</span> <span class='ocrx_word' id='word_1_129' title='bbox 726 1893 768 1967; x_wconf 89' lang='grc' dir='ltr'><strong><em>είς</em></strong></span> <span class='ocrx_word' id='word_1_130' title='bbox 789 1890 861 1967; x_wconf 88' lang='grc' dir='ltr'><strong><em>τούς</em></strong></span> <span class='ocrx_word' id='word_1_131' title='bbox 877 1894 980 1976; x_wconf 87' lang='grc' dir='ltr'><strong><em>ένερθε</em></strong></span> <span class='ocrx_word' id='word_1_132' title='bbox 1001 1893 1051 1956; x_wconf 87' lang='grc' dir='ltr'><strong><em>καί</em></strong></span> <span class='ocrx_word' id='word_1_133' title='bbox 1074 1889 1155 1956; x_wconf 89' lang='grc' dir='ltr'><strong><em>κάτω</em></strong></span> <span class='ocrx_word' id='word_1_134' title='bbox 1177 1900 1254 1974; x_wconf 81' lang='grc' dir='ltr'><strong><em>χθο-</em></strong></span> 
     </span>
     <span class='ocr_line' id='line_1_17' title="bbox 170 1990 1253 2082; baseline 0.001 -23"><span class='ocrx_word' id='word_1_135' title='bbox 170 1993 224 2080; x_wconf 80' lang='grc' dir='ltr'><strong><em>νδς</em></strong></span> <span class='ocrx_word' id='word_1_136' title='bbox 245 1990 366 2069; x_wconf 85' lang='grc' dir='ltr'><strong><em>τύπους.</em></strong></span> <span class='ocrx_word' id='word_1_137' title='bbox 410 2000 559 2061; x_wconf 82' lang='lat' dir='ltr'><strong>Absolute</strong></span> <span class='ocrx_word' id='word_1_138' title='bbox 581 2005 745 2079; x_wconf 84' lang='lat' dir='ltr'><strong>usurpatur</strong></span> <span class='ocrx_word' id='word_1_139' title='bbox 773 2007 834 2061; x_wconf 87' lang='lat' dir='ltr'><strong>tam</strong></span> <span class='ocrx_word' id='word_1_140' title='bbox 857 2001 990 2082; x_wconf 89' lang='lat' dir='ltr'><strong>quietem</strong></span> <span class='ocrx_word' id='word_1_141' title='bbox 1016 2000 1049 2060; x_wconf 93' lang='lat' dir='ltr'><strong><em>in</em></strong></span> <span class='ocrx_word' id='word_1_142' title='bbox 1071 2001 1137 2061; x_wconf 87' lang='lat' dir='ltr'><strong>loce</strong></span> <span class='ocrx_word' id='word_1_143' title='bbox 1160 2020 1253 2080; x_wconf 85' lang='lat' dir='ltr'><strong>quam</strong></span> 
     </span>
     <span class='ocr_line' id='line_1_18' title="bbox 170 2101 1253 2182; baseline 0.003 -21"><span class='ocrx_word' id='word_1_144' title='bbox 170 2106 287 2163; x_wconf 86' lang='lat' dir='ltr'><strong>motum</strong></span> <span class='ocrx_word' id='word_1_145' title='bbox 307 2101 463 2163; x_wconf 88' lang='lat' dir='ltr'><strong>inlocum</strong></span> <span class='ocrx_word' id='word_1_146' title='bbox 484 2104 661 2164; x_wconf 81' lang='lat' dir='ltr'><strong>inferiorem</strong></span> <span class='ocrx_word' id='word_1_147' title='bbox 684 2103 805 2179; x_wconf 84' lang='lat' dir='ltr'><strong>signans</strong></span> <span class='ocrx_word' id='word_1_148' title='bbox 827 2105 902 2165; x_wconf 85' lang='lat' dir='ltr'><strong>locis</strong></span> <span class='ocrx_word' id='word_1_149' title='bbox 925 2109 1006 2179; x_wconf 87' lang='lat' dir='ltr'><strong>octo,</strong></span> <span class='ocrx_word' id='word_1_150' title='bbox 1034 2104 1253 2182; x_wconf 72' lang='lat' dir='ltr'><strong>praetereatis</strong></span> 
     </span>
     <span class='ocr_line' id='line_1_19' title="bbox 172 2197 752 2285; baseline 0.005 -21"><span class='ocrx_word' id='word_1_151' title='bbox 172 2197 235 2265; x_wconf 83' lang='grc' dir='ltr'><strong><em>άνω</em></strong></span> <span class='ocrx_word' id='word_1_152' title='bbox 257 2202 306 2265; x_wconf 87' lang='grc' dir='ltr'><strong><em>καί</em></strong></span> <span class='ocrx_word' id='word_1_153' title='bbox 329 2197 411 2264; x_wconf 87' lang='grc' dir='ltr'><strong><em>κάτω</em></strong></span> <span class='ocrx_word' id='word_1_154' title='bbox 433 2207 505 2268; x_wconf 87' lang='lat' dir='ltr'><strong>vide</strong></span> <span class='ocrx_word' id='word_1_155' title='bbox 527 2207 629 2285; x_wconf 83' lang='lat' dir='ltr'><strong>paullo</strong></span> <span class='ocrx_word' id='word_1_156' title='bbox 653 2228 752 2285; x_wconf 87' lang='lat' dir='ltr'><strong>supra.</strong></span> 
     </span>
    </p>

    <p class='ocr_par' dir='ltr' id='par_1_7' title="bbox 174 2301 1255 2597">
     <span class='ocr_line' id='line_1_20' title="bbox 208 2301 1255 2390; baseline 0.003 -24"><span class='ocrx_word' id='word_1_157' title='bbox 208 2344 210 2348; x_wconf 83' lang='lat'><em>.</em></span> <span class='ocrx_word' id='word_1_158' title='bbox 257 2301 452 2381; x_wconf 80' lang='grc' dir='ltr'><strong><em>κάτωθεν,</em></strong></span> <span class='ocrx_word' id='word_1_159' title='bbox 475 2311 556 2390; x_wconf 87' lang='lat' dir='ltr'><strong>quod</strong></span> <span class='ocrx_word' id='word_1_160' title='bbox 577 2319 726 2390; x_wconf 83' lang='lat' dir='ltr'><strong>nusquam</strong></span> <span class='ocrx_word' id='word_1_161' title='bbox 746 2309 858 2388; x_wconf 88' lang='lat' dir='ltr'><strong>recipit</strong></span> <span class='ocrx_word' id='word_1_162' title='bbox 879 2310 1069 2386; x_wconf 76' lang='lat' dir='ltr'><strong>genetivum,</strong></span> <span class='ocrx_word' id='word_1_163' title='bbox 1101 2309 1255 2386; x_wconf 85' lang='lat' dir='ltr'><strong>significet</strong></span> 
     </span>
     <span class='ocr_line' id='line_1_21' title="bbox 174 2399 1254 2490; baseline 0 -18"><span class='ocrx_word' id='word_1_164' title='bbox 174 2415 231 2487; x_wconf 85' lang='lat' dir='ltr'><strong><em>„ab</em></strong></span> <span class='ocrx_word' id='word_1_165' title='bbox 253 2412 380 2472; x_wconf 81' lang='lat' dir='ltr'><strong>inferie“</strong></span> <span class='ocrx_word' id='word_1_166' title='bbox 401 2414 486 2474; x_wconf 87' lang='lat' dir='ltr'><strong>Pers.</strong></span> <span class='ocrx_word' id='word_1_167' title='bbox 502 2417 579 2472; x_wconf 85' lang='lat'><strong>688:</strong></span> <span class='ocrx_word' id='word_1_168' title='bbox 603 2409 667 2472; x_wconf 73' lang='grc' dir='ltr'><strong><em>ἐπεὶ</em></strong></span> <span class='ocrx_word' id='word_1_169' title='bbox 688 2406 827 2472; x_wconf 89' lang='grc' dir='ltr'><strong><em>κάτωθεν</em></strong></span> <span class='ocrx_word' id='word_1_170' title='bbox 842 2399 948 2490; x_wconf 80' lang='grc' dir='ltr'><strong><em>ἦλθον.</em></strong></span> <span class='ocrx_word' id='word_1_171' title='bbox 984 2415 1038 2474; x_wconf 83' lang='lat' dir='ltr'><strong><em>ch.</em></strong></span> <span class='ocrx_word' id='word_1_172' title='bbox 1057 2413 1135 2473; x_wconf 82' lang='grc' dir='ltr'><strong><em>37οε</em></strong></span> <span class='ocrx_word' id='word_1_173' title='bbox 1158 2405 1254 2472; x_wconf 73' lang='grc' dir='ltr'><strong><em>κάτω·</em></strong></span> 
     </span>
     <span class='ocr_line' id='line_1_22' title="bbox 174 2505 782 2597; baseline 0.003 -23"><span class='ocrx_word' id='word_1_174' title='bbox 174 2518 230 2574; x_wconf 93' lang='grc' dir='ltr'><strong><em>θεν</em></strong></span> <span class='ocrx_word' id='word_1_175' title='bbox 251 2508 422 2591; x_wconf 83' lang='grc' dir='ltr'><strong><em>άμπέμπων</em></strong></span> <span class='ocrx_word' id='word_1_176' title='bbox 440 2513 445 2597; x_wconf 88' lang='grc' dir='ltr'>Ι</span> <span class='ocrx_word' id='word_1_177' title='bbox 465 2505 679 2588; x_wconf 88' lang='grc' dir='ltr'><strong><em>ύστερύποινον</em></strong></span> <span class='ocrx_word' id='word_1_178' title='bbox 701 2507 782 2576; x_wconf 84' lang='grc' dir='ltr'><strong><em>άταν.</em></strong></span> 
     </span>
    </p>

    <p class='ocr_par' dir='ltr' id='par_1_8' title="bbox 174 2614 1256 3419">
     <span class='ocr_line' id='line_1_23' title="bbox 261 2614 1254 2696; baseline 0 -20"><span class='ocrx_word' id='word_1_179' title='bbox 261 2614 455 2696; x_wconf 82' lang='grc' dir='ltr'><strong><em>ένερθεΙν).</em></strong></span> <span class='ocrx_word' id='word_1_180' title='bbox 499 2618 673 2679; x_wconf 87' lang='lat' dir='ltr'><strong>Discessum</strong></span> <span class='ocrx_word' id='word_1_181' title='bbox 695 2639 734 2678; x_wconf 84' lang='lat' dir='ltr'><strong>ex</strong></span> <span class='ocrx_word' id='word_1_182' title='bbox 755 2621 821 2680; x_wconf 89' lang='lat' dir='ltr'><strong>loco</strong></span> <span class='ocrx_word' id='word_1_183' title='bbox 843 2639 904 2679; x_wconf 88' lang='lat' dir='ltr'><strong><em>non</em></strong></span> <span class='ocrx_word' id='word_1_184' title='bbox 925 2620 1060 2679; x_wconf 83' lang='lat' dir='ltr'><strong>declarat</strong></span> <span class='ocrx_word' id='word_1_185' title='bbox 1081 2617 1141 2678; x_wconf 88' lang='lat' dir='ltr'><strong>nisi</strong></span> <span class='ocrx_word' id='word_1_186' title='bbox 1161 2617 1254 2678; x_wconf 90' lang='lat' dir='ltr'><strong>intel-</strong></span> 
     </span>
     <span class='ocr_line' id='line_1_24' title="bbox 174 2714 1256 2799; baseline -0.004 -18"><span class='ocrx_word' id='word_1_187' title='bbox 174 2722 256 2781; x_wconf 88' lang='lat' dir='ltr'><strong>lectu</strong></span> <span class='ocrx_word' id='word_1_188' title='bbox 278 2721 410 2799; x_wconf 84' lang='lat' dir='ltr'><strong>pesitum</strong></span> <span class='ocrx_word' id='word_1_189' title='bbox 431 2748 475 2773; x_wconf 94' lang='lat'><em>=</em></span> <span class='ocrx_word' id='word_1_190' title='bbox 497 2742 556 2797; x_wconf 86' lang='lat' dir='ltr'><strong>„ex</strong></span> <span class='ocrx_word' id='word_1_191' title='bbox 582 2722 709 2782; x_wconf 85' lang='lat' dir='ltr'><strong>inferis“</strong></span> <span class='ocrx_word' id='word_1_192' title='bbox 730 2724 814 2782; x_wconf 82' lang='lat' dir='ltr'><strong>Pers.</strong></span> <span class='ocrx_word' id='word_1_193' title='bbox 832 2727 908 2784; x_wconf 78' lang='lat'><strong>222:</strong></span> <span class='ocrx_word' id='word_1_194' title='bbox 942 2714 1035 2782; x_wconf 76' lang='grc' dir='ltr'><strong><em>ἐσθλά</em></strong></span> <span class='ocrx_word' id='word_1_195' title='bbox 1058 2738 1106 2780; x_wconf 87' lang='grc' dir='ltr'><strong><em>σοι</em></strong></span> <span class='ocrx_word' id='word_1_196' title='bbox 1127 2716 1256 2798; x_wconf 83' lang='grc' dir='ltr'><strong><em>πέμπειν</em></strong></span> 
     </span>
     <span class='ocr_line' id='line_1_25' title="bbox 175 2818 1255 2907; baseline -0.001 -24"><span class='ocrx_word' id='word_1_197' title='bbox 175 2820 268 2907; x_wconf 78' lang='grc' dir='ltr'><strong><em>τέκνω</em></strong></span> <span class='ocrx_word' id='word_1_198' title='bbox 289 2845 319 2884; x_wconf 90' lang='grc' dir='ltr'><strong><em>τε</em></strong></span> <span class='ocrx_word' id='word_1_199' title='bbox 341 2827 395 2904; x_wconf 80' lang='grc' dir='ltr'><strong><em>γῆς</em></strong></span> <span class='ocrx_word' id='word_1_200' title='bbox 414 2821 536 2904; x_wconf 74' lang='grc' dir='ltr'><strong><em>ἔνερθεν</em></strong></span> <span class='ocrx_word' id='word_1_201' title='bbox 558 2821 589 2895; x_wconf 83' lang='grc' dir='ltr'><strong><em>ές</em></strong></span> <span class='ocrx_word' id='word_1_202' title='bbox 606 2820 694 2899; x_wconf 82' lang='grc' dir='ltr'><strong><em>φάος.</em></strong></span> <span class='ocrx_word' id='word_1_203' title='bbox 739 2825 780 2887; x_wconf 91' lang='lat' dir='ltr'><strong><em>ib.</em></strong></span> <span class='ocrx_word' id='word_1_204' title='bbox 798 2831 874 2886; x_wconf 82' lang='lat'><strong>628:</strong></span> <span class='ocrx_word' id='word_1_205' title='bbox 898 2818 1032 2902; x_wconf 82' lang='grc' dir='ltr'><strong><em>πέμψατ’</em></strong></span> <span class='ocrx_word' id='word_1_206' title='bbox 1053 2820 1174 2901; x_wconf 75' lang='grc' dir='ltr'><strong><em>ἔνερθεν</em></strong></span> <span class='ocrx_word' id='word_1_207' title='bbox 1192 2835 1255 2900; x_wconf 86' lang='grc' dir='ltr'><strong><em>ψο-</em></strong></span> 
     </span>
     <span class='ocr_line' id='line_1_26' title="bbox 175 2919 1255 3009; baseline 0.002 -24"><span class='ocrx_word' id='word_1_208' title='bbox 175 2919 231 3004; x_wconf 79' lang='grc' dir='ltr'><strong><em>χιΙν</em></strong></span> <span class='ocrx_word' id='word_1_209' title='bbox 253 2923 283 2996; x_wconf 83' lang='grc' dir='ltr'><strong><em>ές</em></strong></span> <span class='ocrx_word' id='word_1_210' title='bbox 305 2929 382 3001; x_wconf 78' lang='grc' dir='ltr'><strong><em>φάς.</em></strong></span> <span class='ocrx_word' id='word_1_211' title='bbox 426 2930 548 3008; x_wconf 84' lang='lat' dir='ltr'><strong>Neque,</strong></span> <span class='ocrx_word' id='word_1_212' title='bbox 572 2928 598 2989; x_wconf 87' lang='lat' dir='ltr'><strong><em>si</em></strong></span> <span class='ocrx_word' id='word_1_213' title='bbox 620 2928 753 3009; x_wconf 85' lang='lat' dir='ltr'><strong>quietem</strong></span> <span class='ocrx_word' id='word_1_214' title='bbox 770 2928 935 3004; x_wconf 84' lang='lat' dir='ltr'><strong>significat,</strong></span> <span class='ocrx_word' id='word_1_215' title='bbox 958 2926 1035 2988; x_wconf 87' lang='lat' dir='ltr'><strong>alius</strong></span> <span class='ocrx_word' id='word_1_216' title='bbox 1057 2926 1182 3007; x_wconf 82' lang='lat' dir='ltr'><strong>ponitur</strong></span> <span class='ocrx_word' id='word_1_217' title='bbox 1203 2947 1255 3003; x_wconf 87' lang='lat' dir='ltr'><strong>ge-</strong></span> 
     </span>
     <span class='ocr_line' id='line_1_27' title="bbox 175 3024 1256 3111; baseline -0.002 -21"><span class='ocrx_word' id='word_1_218' title='bbox 175 3029 297 3092; x_wconf 87' lang='lat' dir='ltr'><strong>netivus</strong></span> <span class='ocrx_word' id='word_1_219' title='bbox 321 3050 411 3111; x_wconf 90' lang='lat' dir='ltr'><strong>quam</strong></span> <span class='ocrx_word' id='word_1_220' title='bbox 433 3031 486 3110; x_wconf 83' lang='grc' dir='ltr'><strong><em>γῆς</em></strong></span> <span class='ocrx_word' id='word_1_221' title='bbox 509 3031 574 3092; x_wconf 90' lang='lat' dir='ltr'><strong>sive</strong></span> <span class='ocrx_word' id='word_1_222' title='bbox 590 3024 717 3108; x_wconf 73' lang='grc' dir='ltr'><strong><em>χθονός·</em></strong></span> <span class='ocrx_word' id='word_1_223' title='bbox 741 3033 824 3093; x_wconf 84' lang='lat' dir='ltr'><strong>Pers.</strong></span> <span class='ocrx_word' id='word_1_224' title='bbox 841 3037 918 3092; x_wconf 79' lang='lat'><strong>229:</strong></span> <span class='ocrx_word' id='word_1_225' title='bbox 941 3033 1005 3100; x_wconf 89' lang='grc' dir='ltr'><strong><em>τοῖς</em></strong></span> <span class='ocrx_word' id='word_1_226' title='bbox 1026 3025 1054 3089; x_wconf 87' lang='grc' dir='ltr'><strong><em>τ’</em></strong></span> <span class='ocrx_word' id='word_1_227' title='bbox 1074 3027 1178 3109; x_wconf 85' lang='grc' dir='ltr'><strong><em>ένερθε</em></strong></span> <span class='ocrx_word' id='word_1_228' title='bbox 1199 3031 1256 3110; x_wconf 79' lang='grc' dir='ltr'><strong><em>γῆς</em></strong></span> 
     </span>
     <span class='ocr_line' id='line_1_28' title="bbox 177 3126 1256 3214; baseline 0.001 -22"><span class='ocrx_word' id='word_1_229' title='bbox 177 3131 284 3207; x_wconf 85' lang='grc' dir='ltr'><strong><em>φίλοις.</em></strong></span> <span class='ocrx_word' id='word_1_230' title='bbox 309 3135 383 3194; x_wconf 83' lang='lat' dir='ltr'><strong><em>ch.</em></strong></span> <span class='ocrx_word' id='word_1_231' title='bbox 405 3138 479 3195; x_wconf 85' lang='lat'>119:</span> <span class='ocrx_word' id='word_1_232' title='bbox 508 3126 580 3204; x_wconf 88' lang='grc' dir='ltr'><strong><em>τούς</em></strong></span> <span class='ocrx_word' id='word_1_233' title='bbox 601 3135 656 3214; x_wconf 79' lang='grc' dir='ltr'><strong><em>γῆς</em></strong></span> <span class='ocrx_word' id='word_1_234' title='bbox 679 3131 784 3213; x_wconf 78' lang='grc' dir='ltr'><strong><em>ἔνερθε</em></strong></span> <span class='ocrx_word' id='word_1_235' title='bbox 806 3131 958 3211; x_wconf 91' lang='grc' dir='ltr'><strong><em>δαίμονας.</em></strong></span> <span class='ocrx_word' id='word_1_236' title='bbox 1002 3135 1089 3195; x_wconf 85' lang='lat' dir='ltr'><strong>Eum.</strong></span> <span class='ocrx_word' id='word_1_237' title='bbox 1106 3133 1181 3194; x_wconf 75' lang='lat'><strong>270:</strong></span> <span class='ocrx_word' id='word_1_238' title='bbox 1205 3129 1256 3210; x_wconf 87' lang='grc' dir='ltr'><strong><em>μέ-</em></strong></span> 
     </span>
     <span class='ocr_line' id='line_1_29' title="bbox 177 3228 1256 3316; baseline 0.001 -23"><span class='ocrx_word' id='word_1_239' title='bbox 177 3257 231 3316; x_wconf 83' lang='grc' dir='ltr'><strong><em>γας</em></strong></span> <span class='ocrx_word' id='word_1_240' title='bbox 257 3228 314 3315; x_wconf 80' lang='grc' dir='ltr'><strong><em>γάρ</em></strong></span> <span class='ocrx_word' id='word_1_241' title='bbox 327 3229 437 3312; x_wconf 69' lang='grc' dir='ltr'><strong><em>’Ἅιδης</em></strong></span> <span class='ocrx_word' id='word_1_242' title='bbox 459 3232 537 3295; x_wconf 77' lang='grc' dir='ltr'><strong><em>ἐστίν</em></strong></span> <span class='ocrx_word' id='word_1_243' title='bbox 566 3271 609 3282; x_wconf 90' lang='lat'><em>-</em></span> <span class='ocrx_word' id='word_1_244' title='bbox 639 3233 743 3316; x_wconf 82' lang='grc' dir='ltr'><strong><em>ένερθε</em></strong></span> <span class='ocrx_word' id='word_1_245' title='bbox 764 3228 884 3315; x_wconf 84' lang='grc' dir='ltr'><strong><em>χθονός.</em></strong></span> <span class='ocrx_word' id='word_1_246' title='bbox 930 3238 971 3299; x_wconf 91' lang='lat' dir='ltr'><strong><em>ib.</em></strong></span> <span class='ocrx_word' id='word_1_247' title='bbox 991 3240 1090 3297; x_wconf 84' lang='lat'>1001:</span> <span class='ocrx_word' id='word_1_248' title='bbox 1120 3232 1163 3306; x_wconf 86' lang='grc' dir='ltr'><strong><em>είς</em></strong></span> <span class='ocrx_word' id='word_1_249' title='bbox 1184 3228 1256 3306; x_wconf 87' lang='grc' dir='ltr'><strong><em>τούς</em></strong></span> 
     </span>
     <span class='ocr_line' id='line_1_30' title="bbox 177 3331 1255 3419; baseline 0.003 -22"><span class='ocrx_word' id='word_1_250' title='bbox 177 3335 280 3418; x_wconf 83' lang='grc' dir='ltr'><strong><em>ένερθε</em></strong></span> <span class='ocrx_word' id='word_1_251' title='bbox 302 3334 354 3397; x_wconf 86' lang='grc' dir='ltr'><strong><em>καί</em></strong></span> <span class='ocrx_word' id='word_1_252' title='bbox 375 3331 456 3397; x_wconf 87' lang='grc' dir='ltr'><strong><em>κάτω</em></strong></span> <span class='ocrx_word' id='word_1_253' title='bbox 478 3331 591 3415; x_wconf 80' lang='grc' dir='ltr'><strong><em>χθονδς</em></strong></span> <span class='ocrx_word' id='word_1_254' title='bbox 611 3332 733 3410; x_wconf 85' lang='grc' dir='ltr'><strong><em>τύπους.</em></strong></span> <span class='ocrx_word' id='word_1_255' title='bbox 777 3343 827 3401; x_wconf 89' lang='lat' dir='ltr'><strong><em>Pr.</em></strong></span> <span class='ocrx_word' id='word_1_256' title='bbox 852 3344 928 3402; x_wconf 77' lang='lat'><strong>502:</strong></span> <span class='ocrx_word' id='word_1_257' title='bbox 951 3337 1056 3419; x_wconf 81' lang='grc' dir='ltr'><strong><em>ένερθε</em></strong></span> <span class='ocrx_word' id='word_1_258' title='bbox 1079 3333 1112 3398; x_wconf 77' lang='grc' dir='ltr'><strong><em>δέ</em></strong></span> <span class='ocrx_word' id='word_1_259' title='bbox 1131 3332 1255 3417; x_wconf 82' lang='grc' dir='ltr'><strong><em>χθονός.</em></strong></span> 
     </span>
    </p>

    <p class='ocr_par' dir='ltr' id='par_1_9' title="bbox 177 3435 1257 3828">
     <span class='ocr_line' id='line_1_31' title="bbox 262 3435 1256 3522; baseline 0.002 -22"><span class='ocrx_word' id='word_1_260' title='bbox 262 3435 407 3520; x_wconf 87' lang='grc' dir='ltr'><strong><em>νέρθεν.</em></strong></span> <span class='ocrx_word' id='word_1_261' title='bbox 451 3442 506 3503; x_wconf 84' lang='lat' dir='ltr'><strong><em>ch.</em></strong></span> <span class='ocrx_word' id='word_1_262' title='bbox 526 3447 581 3503; x_wconf 73' lang='lat'><strong><em>38:</em></strong></span> <span class='ocrx_word' id='word_1_263' title='bbox 609 3435 679 3512; x_wconf 85' lang='grc' dir='ltr'><strong><em>τούς</em></strong></span> <span class='ocrx_word' id='word_1_264' title='bbox 700 3444 756 3522; x_wconf 85' lang='grc' dir='ltr'><strong><em>γάς</em></strong></span> <span class='ocrx_word' id='word_1_265' title='bbox 776 3439 893 3522; x_wconf 88' lang='grc' dir='ltr'><strong><em>νέρθεν.</em></strong></span> <span class='ocrx_word' id='word_1_266' title='bbox 938 3445 1024 3503; x_wconf 87' lang='lat' dir='ltr'><strong>Idem</strong></span> <span class='ocrx_word' id='word_1_267' title='bbox 1045 3445 1109 3505; x_wconf 86' lang='lat' dir='ltr'><strong>fere</strong></span> <span class='ocrx_word' id='word_1_268' title='bbox 1131 3442 1256 3504; x_wconf 85' lang='lat' dir='ltr'><strong>videtur</strong></span> 
     </span>
     <span class='ocr_line' id='line_1_32' title="bbox 177 3533 1257 3625; baseline -0.003 -18"><span class='ocrx_word' id='word_1_269' title='bbox 177 3544 279 3607; x_wconf 81' lang='lat' dir='ltr'><strong>velere</strong></span> <span class='ocrx_word' id='word_1_270' title='bbox 301 3544 381 3624; x_wconf 88' lang='lat' dir='ltr'><strong>quod</strong></span> <span class='ocrx_word' id='word_1_271' title='bbox 402 3533 463 3602; x_wconf 88' lang='grc' dir='ltr'><strong><em>ύπό</em></strong></span> <span class='ocrx_word' id='word_1_272' title='bbox 486 3564 554 3604; x_wconf 89' lang='lat' dir='ltr'><strong><em>cum</em></strong></span> <span class='ocrx_word' id='word_1_273' title='bbox 576 3545 747 3606; x_wconf 83' lang='lat' dir='ltr'><strong>accusativo</strong></span> <span class='ocrx_word' id='word_1_274' title='bbox 769 3547 820 3606; x_wconf 89' lang='lat' dir='ltr'><strong><em>Pr.</em></strong></span> <span class='ocrx_word' id='word_1_275' title='bbox 840 3549 915 3605; x_wconf 81' lang='lat'>153:</span> <span class='ocrx_word' id='word_1_276' title='bbox 938 3541 966 3604; x_wconf 86' lang='grc' dir='ltr'><strong><em>εί</em></strong></span> <span class='ocrx_word' id='word_1_277' title='bbox 985 3537 1042 3625; x_wconf 80' lang='grc' dir='ltr'><strong><em>γάρ</em></strong></span> <span class='ocrx_word' id='word_1_278' title='bbox 1065 3536 1094 3622; x_wconf 86' lang='grc' dir='ltr'><strong><em>μ’</em></strong></span> <span class='ocrx_word' id='word_1_279' title='bbox 1116 3538 1176 3604; x_wconf 87' lang='grc' dir='ltr'><strong><em>ύπδ</em></strong></span> <span class='ocrx_word' id='word_1_280' title='bbox 1199 3546 1257 3624; x_wconf 78' lang='grc' dir='ltr'><strong><em>γῆν</em></strong></span> 
     </span>
     <span class='ocr_line' id='line_1_33' title="bbox 178 3638 1257 3732; baseline 0.002 -26"><span class='ocrx_word' id='word_1_281' title='bbox 178 3643 287 3726; x_wconf 92' lang='grc' dir='ltr'><strong><em>νέρθεν</em></strong></span> <span class='ocrx_word' id='word_1_282' title='bbox 300 3638 336 3706; x_wconf 89' lang='grc' dir='ltr'><strong><em>θ’</em></strong></span> <span class='ocrx_word' id='word_1_283' title='bbox 350 3640 460 3706; x_wconf 73' lang='grc' dir='ltr'><strong><em>’Ἅιδου</em></strong></span> <span class='ocrx_word' id='word_1_284' title='bbox 479 3644 484 3730; x_wconf 97' lang='grc' dir='ltr'>Ι</span> <span class='ocrx_word' id='word_1_285' title='bbox 503 3648 558 3706; x_wconf 82' lang='grc' dir='ltr'><strong><em>τοῦ</em></strong></span> <span class='ocrx_word' id='word_1_286' title='bbox 573 3645 805 3728; x_wconf 76' lang='grc' dir='ltr'><strong><em>νεκροδέγμονος</em></strong></span> <span class='ocrx_word' id='word_1_287' title='bbox 819 3645 869 3720; x_wconf 85' lang='grc' dir='ltr'><strong><em>εἰς</em></strong></span> <span class='ocrx_word' id='word_1_288' title='bbox 884 3642 1053 3727; x_wconf 89' lang='grc' dir='ltr'><strong><em>άπέραντον</em></strong></span> <span class='ocrx_word' id='word_1_289' title='bbox 1072 3644 1077 3732; x_wconf 97' lang='grc' dir='ltr'>Ι</span> <span class='ocrx_word' id='word_1_290' title='bbox 1102 3641 1257 3728; x_wconf 86' lang='grc' dir='ltr'><strong><em>Τάρταρον</em></strong></span> 
     </span>
     <span class='ocr_line' id='line_1_34' title="bbox 178 3735 634 3828; baseline 0.002 -19"><span class='ocrx_word' id='word_1_291' title='bbox 178 3735 258 3828; x_wconf 76' lang='grc' dir='ltr'><strong><em>ἧκεν.</em></strong></span> <span class='ocrx_word' id='word_1_292' title='bbox 281 3749 346 3809; x_wconf 81' lang='lat' dir='ltr'><strong>sine</strong></span> <span class='ocrx_word' id='word_1_293' title='bbox 369 3769 440 3810; x_wconf 89' lang='lat' dir='ltr'><strong>casu</strong></span> <span class='ocrx_word' id='word_1_294' title='bbox 461 3752 544 3810; x_wconf 87' lang='lat' dir='ltr'><strong>Pers.</strong></span> <span class='ocrx_word' id='word_1_295' title='bbox 562 3750 634 3811; x_wconf 85' lang='grc'><strong><em>637.</em></strong></span> 
     </span>
    </p>

    <p class='ocr_par' dir='ltr' id='par_1_10' title="bbox 179 3845 1258 4138">
     <span class='ocr_line' id='line_1_35' title="bbox 263 3845 1258 3934; baseline 0.006 -24"><span class='ocrx_word' id='word_1_296' title='bbox 263 3845 437 3931; x_wconf 28' lang='grc' dir='ltr'><strong><em>ύπερθε..</em></strong></span> <span class='ocrx_word' id='word_1_297' title='bbox 465 3852 605 3918; x_wconf 75' lang='lat' dir='ltr'><strong>Quietem</strong></span> <span class='ocrx_word' id='word_1_298' title='bbox 633 3854 666 3913; x_wconf 90' lang='lat' dir='ltr'><strong><em>in</em></strong></span> <span class='ocrx_word' id='word_1_299' title='bbox 694 3856 761 3915; x_wconf 88' lang='lat' dir='ltr'><strong>leco</strong></span> <span class='ocrx_word' id='word_1_300' title='bbox 790 3856 870 3932; x_wconf 83' lang='lat' dir='ltr'><strong>apud</strong></span> <span class='ocrx_word' id='word_1_301' title='bbox 898 3856 1084 3934; x_wconf 79' lang='lat' dir='ltr'><strong>Aeschylum</strong></span> <span class='ocrx_word' id='word_1_302' title='bbox 1111 3854 1258 3934; x_wconf 82' lang='lat' dir='ltr'><strong>exprimit</strong></span> 
     </span>
     <span class='ocr_line' id='line_1_36' title="bbox 179 3949 1257 4041; baseline 0.006 -27"><span class='ocrx_word' id='word_1_303' title='bbox 179 3955 260 4033; x_wconf 80' lang='lat' dir='ltr'><strong>Sept.</strong></span> <span class='ocrx_word' id='word_1_304' title='bbox 277 3958 352 4016; x_wconf 78' lang='lat'>210:</span> <span class='ocrx_word' id='word_1_305' title='bbox 375 3949 486 4033; x_wconf 73' lang='grc' dir='ltr'><strong><em>ὕπερθ’</em></strong></span> <span class='ocrx_word' id='word_1_306' title='bbox 507 3949 649 4032; x_wconf 79' lang='grc' dir='ltr'><strong><em>ὀμμάτων</em></strong></span> <span class='ocrx_word' id='word_1_307' title='bbox 669 3955 675 4041; x_wconf 93' lang='grc' dir='ltr'>Ι</span> <span class='ocrx_word' id='word_1_308' title='bbox 693 3958 903 4037; x_wconf 80' lang='grc' dir='ltr'><strong><em>κρημναμενᾶν</em></strong></span> <span class='ocrx_word' id='word_1_309' title='bbox 924 3959 1059 4033; x_wconf 78' lang='grc' dir='ltr'><strong><em>νεφελᾶν.</em></strong></span> <span class='ocrx_word' id='word_1_310' title='bbox 1102 3962 1159 4034; x_wconf 81' lang='lat' dir='ltr'><strong><em>Ag.</em></strong></span> <span class='ocrx_word' id='word_1_311' title='bbox 1178 3962 1257 4021; x_wconf 77' lang='lat'>219:</span> 
     </span>
     <span class='ocr_line' id='line_1_37' title="bbox 179 4049 616 4138; baseline 0.009 -22"><span class='ocrx_word' id='word_1_312' title='bbox 179 4049 295 4138; x_wconf 82' lang='grc' dir='ltr'><strong><em>ύπερθε</em></strong></span> <span class='ocrx_word' id='word_1_313' title='bbox 317 4055 485 4135; x_wconf 85' lang='grc' dir='ltr'><strong><em>βωμοῦ-</em></strong></span> <span class='ocrx_word' id='word_1_314' title='bbox 507 4056 616 4135; x_wconf 81' lang='grc' dir='ltr'><strong><em>λαβεῖν.</em></strong></span> 
     </span>
    </p>

    <p class='ocr_par' dir='ltr' id='par_1_11' title="bbox 265 4155 1256 4243">
     <span class='ocr_line' id='line_1_38' title="bbox 265 4155 1256 4243; baseline 0.008 -25"><span class='ocrx_word' id='word_1_315' title='bbox 265 4155 370 4239; x_wconf 86' lang='grc' dir='ltr'><strong><em>πέρα.</em></strong></span> <span class='ocrx_word' id='word_1_316' title='bbox 416 4160 485 4222; x_wconf 85' lang='lat' dir='ltr'><strong>Nisi</strong></span> <span class='ocrx_word' id='word_1_317' title='bbox 499 4164 645 4223; x_wconf 80' lang='lat' dir='ltr'><strong>translate</strong></span> <span class='ocrx_word' id='word_1_318' title='bbox 661 4183 723 4223; x_wconf 91' lang='lat' dir='ltr'><strong><em>non</em></strong></span> <span class='ocrx_word' id='word_1_319' title='bbox 738 4162 901 4223; x_wconf 85' lang='lat' dir='ltr'><strong>adhibetur</strong></span> <span class='ocrx_word' id='word_1_320' title='bbox 922 4164 972 4224; x_wconf 85' lang='lat' dir='ltr'><strong><em>Pr.</em></strong></span> <span class='ocrx_word' id='word_1_321' title='bbox 989 4167 1045 4224; x_wconf 76' lang='lat'><strong><em>30:</em></strong></span> <span class='ocrx_word' id='word_1_322' title='bbox 1066 4157 1145 4243; x_wconf 84' lang='grc' dir='ltr'><strong><em>πέρα</em></strong></span> <span class='ocrx_word' id='word_1_323' title='bbox 1161 4161 1256 4241; x_wconf 88' lang='grc' dir='ltr'><strong><em>δίκης.</em></strong></span> 
     </span>
    </p>
   </div>
   <div class='ocr_carea' id='block_1_5' title="bbox 0 0 1441 4590">
    <p class='ocr_par' dir='ltr' id='par_1_12' title="bbox 0 0 1441 4590">
     <span class='ocr_line' id='line_1_39' title="bbox 0 0 1441 4590; baseline 0 0"><span class='ocrx_word' id='word_1_324' title='bbox 0 0 1441 4590; x_wconf 95' lang='lat' dir='ltr'><strong><em> </em></strong></span> 
     </span>
    </p>
   </div>
  </div>
 </body>
</html>
