2850 4590
634 277 848 343 ..42-

202 435 290 506 VIII,
314 439 392 493 210:
423 429 508 511 ἔριδα
538 429 726 512 προφέρηται
755 428 890 506 ἆέθλωνς
921 435 1049 495 maxime
1084 435 1172 496 Pind.
1194 437 1279 495 Nem.

201 539 242 610 X,
266 538 321 599 72:
344 530 454 613 γαλεπό
478 528 503 595 δ’
526 533 587 614 ἔρις
610 529 786 615 όνθροόποις
808 529 920 613 όμιλεῖν
941 531 1134 616 κρεσσόνων]

286 638 318 718 β)
341 641 408 715 adj.
432 642 599 714 Permagna
621 641 1189 719 audaciapceticadiciturdh.1067:
1212 634 1279 700 διό·

201 763 284 821 τερον
307 735 416 821 όνδρδς
438 741 569 819 βασίλεια
590 737 685 818 πάθη,
720 742 861 820 βασίλεια,
885 746 964 824 quod
987 744 1097 805 dicitur
1119 765 1173 821 pro
1196 743 1276 821 βασι-

200 842 283 916 λέως,
302 849 441 923 junctum
464 852 509 905 est
532 867 598 906 cum
621 840 719 921 πάθη,
742 848 786 906 ita
808 854 841 906 ut
860 840 971 925 ιἰνδρός
986 848 1155 925 appositive
1169 848 1279 907 adicia-

201 957 307 1010 tur=
323 942 433 1027 οἷνδρός
457 945 599 1026 βασιλέως
622 942 718 1026 πάθη.
765 951 856 1011 Plura
886 950 950 1011 dixi
979 953 1037 1011 hac
1065 953 1100 1010 de
1128 952 1280 1012 locutione

201 1055 281 1113 infra
302 1053 322 1113 l.
346 1075 368 1112 s.

636 1277 839 1286 ———

652 1461 757 1543 Caput
778 1461 832 1526 IV.

401 1608 450 1663 De
472 1606 627 1675 genetivo
648 1605 828 1673 qualitatis
849 1608 885 1662 et
906 1605 1076 1661 materiae.

614 1809 616 1813 ,
704 1756 720 1836 §
746 1761 772 1816 1.

285 1879 464 1938 Genetivum
487 1878 647 1954 qualitatis,
681 1877 735 1936 etsi
759 1879 883 1936 fuerunt
905 1877 957 1956 qui
979 1881 1138 1950 negarent,
1169 1877 1277 1953 (Mat-

200 1984 355 2043 thiaeus
378 1981 576 2059 potissimum,
600 2000 688 2060 quem
711 1983 784 2040 citat
798 1981 871 2039 Lob.
895 1981 931 2038 ad
948 1982 1061 2059 Phryn.
1084 2001 1112 2058 p.
1131 1981 1205 2056 215)
1222 1981 1277 2038 mi·

180 2086 280 2150 ‚nime
302 2085 434 2143 alienum
457 2104 521 2142 esse
544 2104 562 2143 a
583 2103 707 2158 graecae
734 2083 856 2157 linguae
885 2083 986 2143 indole
1012 2085 1075 2158 jam
1097 2089 1210 2142 certum
1234 2091 1279 2143 est

199 2191 263 2248 fere
293 2207 535 2266 concessumque.
584 2188 696 2247 Verum
727 2191 826 2246 tamen
857 2189 937 2246 hunc
966 2187 1156 2261 genetivum,
1187 2206 1278 2266 quum

199 2291 375 2369 praesertim
394 2291 492 2369 poetis
515 2291 650 2367 exceptis
665 2291 742 2368 apud
759 2289 935 2368 posterioris
958 2291 1101 2368 temporis
1117 2290 1278 2366 scriptores

199 2395 403 2454 tantummodo
427 2413 522 2471 paene
544 2394 576 2452 in
599 2415 655 2452 usu
678 2395 725 2466 sit,
749 2393 925 2454 arctissimis
948 2394 1059 2453 finibus
1081 2393 1277 2472 terminisque

200 2497 403 2557 circumscribi
433 2517 487 2571 ego
510 2497 632 2556 minime
660 2497 800 2556 diffiteor.
844 2497 970 2556 Accedit
999 2497 1092 2575 quod,
1124 2515 1215 2574 quum
1244 2496 1276 2554 in

198 2603 302 2676 lingua
323 2601 418 2659 latina
439 2601 498 2658 nisi
521 2601 621 2659 addito
637 2601 796 2677 adjectivo,
819 2619 878 2678 quo
897 2599 1068 2659 distinctius
1083 2599 1277 2670 describatur,

199 2724 260 2763 non
290 2709 465 2780 usurpetur,
497 2708 604 2780 poetae
634 2703 733 2776 graeci
764 2703 845 2761 haud
874 2722 946 2764 varo
975 2703 1059 2761 illum
1090 2708 1208 2778 ponunt
1226 2701 1276 2763 vel

200 2808 308 2866 omisso
331 2806 488 2882 adjectivo.
522 2808 570 2865 Ita
592 2806 657 2866 loco
682 2807 772 2865 etiam
794 2807 846 2865 illo
870 2806 1034 2866 clarissimo
1050 2805 1141 2882 Soph.
1157 2805 1202 2864 El.
1222 2810 1275 2864 19:

200 2903 323 2985 μέλαινά
335 2901 358 2966 τ’
370 2902 487 2986 όστρων
499 2906 665 2970 ἐκλέλοιπεν
677 2902 811 2988 εὐφρόνη
823 2911 981 2984 genetivus
997 2909 1150 2988 qualitatis
1161 2901 1278 2986 όστροιν

199 3020 281 3074 caret
310 3015 453 3091 epitheto.
504 3016 575 3092 Ipso
606 3019 706 3072 autem
735 3013 890 3088 genetivo,
921 3019 955 3071 ut
983 3013 1068 3072 brevi
1097 3013 1276 3090 praecidam,

200 3123 339 3196 quaeest
361 3123 516 3193 poetarum
538 3116 662 3176 licentia
677 3116 806 3190 dicendi,
829 3115 908 3174 nihil
923 3115 1096 3176 continetur
1110 3116 1169 3174 nisi
1191 3116 1275 3175 notio

198 3220 338 3296 adjectivi
361 3219 456 3278 veluti
478 3211 662 3295 όστερόεσσα.
686 3253 727 3263 -
756 3218 926 3297 Aeschylea
956 3218 1092 3297 exempla
1122 3219 1155 3278 in
1177 3219 1275 3279 medic

200 3327 285 3384 aunt:

283 3427 313 3504 a)
335 3407 516 3502 ddjectivum
537 3426 677 3500 genetivo
701 3432 747 3485 est
768 3426 900 3485 additum
924 3427 973 3485 Pr.
997 3431 1075 3485 213:
1098 3425 1183 3494 Γαῖα,
1206 3425 1274 3482 πολ-

198 3530 257 3587 λῶν
279 3521 436 3604 ὀνομάτων
458 3522 562 3606 μορφη
585 3527 637 3603 μία
659 3529 710 3606 (cf.
735 3530 808 3589 Hor.
833 3530 887 3588 Od.
912 3529 969 3602 llI,
993 3534 1021 3602 9,
1046 3529 1079 3588 7:
1103 3527 1190 3587 multi
1213 3530 1274 3606 Ly-

199 3633 249 3691 dia
270 3632 408 3692 nominis.
453 3633 478 3705 I,
504 3637 552 3704 36,
580 3637 633 3690 13:
656 3631 742 3691 multi
765 3633 899 3691 Damalis
921 3631 1017 3708 meri).
1062 3637 1118 3706 Ag.
1141 3638 1196 3691 44:
1220 3629 1273 3689 δι-

193 3727 343 3812 ῗρόνον
367 3729 482 3794 Διόθεν
505 3731 556 3793 καὶ
578 3731 818 3812 δισκήπτρου
846 3731 849 3816 l
877 3737 987 3811 τιμῆς
1009 3725 1118 3812 όχνρόν
1141 3735 1274 3812 ζεῦγος

197 3829 386 3915 Ἀτρειδᾶν
416 3839 484 3898 vide
506 3838 596 3897 infra.
640 3841 695 3912 Ag.
720 3844 796 3898 348:
826 3833 900 3916 μέγα
923 3835 1058 3907 δουλείας
1081 3833 1086 3918 Ι
1110 3834 1273 3916 γάγγαμον,

198 3932 287 4015 όῖτης
317 3936 550 4000 παναλώτου.
598 3940 713 4006 Quibus
744 3962 798 4015 ego
829 3941 974 4020 exemplis
1004 3962 1039 4001 ec
1064 3942 1213 4020 perducor
1241 3948 1275 4002 ut

198 4045 288 4103 etiam
304 4044 384 4122 Sept.
399 4045 474 4104 677:
490 4036 701 4122 πικρόκαρπον
717 4038 980 4123 ἀνδροκτασίαν
995 4046 1085 4104 τελεῖν
1102 4042 1105 4124 l
1124 4042 1274 4119 αἵματος

199 4137 243 4204 ον’
271 4148 456 4222 θεμιστοῦ
484 4151 577 4211 verba
605 4154 739 4210 extrema
768 4168 823 4225 pro
853 4168 919 4222 gen.
943 4147 1097 4227 qualitatis
1119 4148 1272 4226 accipiam.
