2850 4590
591 304 827 372 ..109-

255 453 463 538 ἆμνημονοῑ.
499 462 645 522 Absolute
667 467 784 521 tantum
807 465 970 540 usurpatur
991 462 1076 520 Eum.
1094 465 1149 521 24:
1173 454 1250 539 Βρό·

169 584 236 640 μιος
257 560 313 642 ἔχει
335 559 389 624 τὸν
411 564 508 644 χοῖρον
530 557 596 623 οὐδ’
619 558 791 640 ἀμνημονῶ.

254 667 305 746 (ds
326 667 524 728 substantivis
547 659 659 744 μνήμη,
683 668 795 744 μνήμα,
818 664 962 744 μνημείου
983 687 1012 728 v.
1036 685 1103 743 pag.
1120 666 1170 727 37.
1213 666 1249 726 de

170 769 326 847 adjectivis
348 762 484 847 μνήμων,
508 762 645 847 μνήστωρ
669 774 725 829 eto.
747 770 818 831 vids
839 788 907 848 pag.
926 769 989 846 81.)

256 868 514 949 ἐνθυμοῦμαι.
558 874 640 933 Looo
662 872 819 933 invenitur
839 892 900 932 uno
924 891 1020 952 eoque
1042 890 1108 932 oum
1131 892 1250 932 aoousa-

168 976 233 1036 tivo
256 975 392 1035 neutrius
413 976 599 1054 pronominis
618 977 758 1053 junotum
778 977 866 1036 llum.
884 981 960 1035 220:
982 968 1019 1033 rol
1041 969 1093 1051 μὲν
1109 968 1165 1055 γάρ
1181 965 1250 1034 olda
1337 995 1340 1002 ¹

170 1070 266 1156 adpro
284 1069 310 1136 o'
326 1074 563 1156 ἐνθυμουμένην.
597 1081 703 1158 Neque
726 1079 804 1158 apud
827 1079 1029 1138 Homerum
1051 1098 1149 1158 neque
1171 1079 1249 1157 apud

169 1179 393 1259 Sophoclem
414 1202 540 1263 nsquam
562 1183 622 1259 legi
644 1184 702 1244 hoo
724 1185 850 1245 verbum
870 1183 1010 1243 idoneum
1032 1187 1079 1242 est
1109 1182 1186 1263 quod
1216 1181 1249 1240 in

169 1283 299 1345 transitu
321 1290 575 1347 oommemoretur.

255 1389 356 1450 Verba
377 1389 663 1450 oblivisoendi:

192 1563 193 1567 η
254 1483 505 1568 λανθάνομαι.
556 1494 630 1553 (tum
660 1490 801 1568 genetivo
832 1491 877 1552 rei
907 1491 1017 1551 dieitur
1042 1491 1145 1571 Suppl.
1170 1492 1249 1552 697:

171 1583 264 1669 ἆλιιής
286 1591 436 1654 λαθέσθαι
458 1593 557 1672 τῆσδε,
580 1596 716 1656 absolute
738 1597 790 1656 ch.
815 1601 892 1655 6632
915 1592 1060 1671 μηδαμῶς
1081 1589 1172 1679 λήθη.

256 1690 436 1776 λήθομαι.
481 1699 579 1760 Semel
607 1699 758 1778 reperitur
788 1700 853 1759 sine
875 1698 1015 1774 genetivo
1037 1698 1169 1776 posItum
1193 1700 1248 1772 Ag.

173 1804 230 1860 39:
253 1794 289 1859 οὗ
312 1803 447 1878 μαθοῦσι
468 1794 610 1879 λήθομαι.
654 1802 737 1881 (vide
759 1801 984 1863 adnotationem
1005 1799 1250 1878 Schneidewini.)

692 2009 726 2068 B.

412 2108 533 2161 Verba
551 2109 709 2161 curandi
728 2111 764 2161 et
781 2108 1010 2174 neqleqendi.

257 2209 350 2289 μέλω
373 2219 410 2274 et
431 2209 599 2291 μέλομαι.

254 2318 363 2378 Forma
384 2317 484 2381 activa
506 2314 598 2394 μέλω
621 2317 733 2378 dieitur

255 2422 285 2500 a)
308 2420 508 2498 personaliter
541 2421 573 2499 α)
596 2422 632 2479 do
666 2441 700 2480 eo
737 2419 787 2500 qui
822 2421 916 2480 habet
948 2439 1058 2480 euram.
1109 2419 1252 2499 Sequitur

170 2523 328 2598 genetivus
349 2543 497 2600 personae
519 2526 576 2598 Ag.
600 2524 678 2583 357:
709 2517 765 2583 oda
787 2519 847 2598 έφα
869 2544 913 2592 τις
933 2515 1027 2593 θεοὺς
1048 2520 1166 2600 βροτῶν
1188 2517 1250 2594 ιἰξι-

170 2628 285 2686 οῦσθαι
306 2622 418 2702 μέλειν,
448 2627 527 2706 quod
559 2626 728 2703 exemplum
750 2626 943 2686 Hermannus
972 2625 1112 2687 adhibuit
1138 2627 1175 2686 ad
1199 2647 1250 2686 ex·

171 2730 342 2809 plioandnm
363 2731 456 2808 Soph.
472 2729 518 2790 El.
535 2736 596 2789 342
621 2731 671 2806 (of.
694 2730 741 2789 ni.
760 2730 844 2808 689).
888 2731 1037 2790 Homerus
1059 2729 1251 2807 participium

170 2834 297 2910 perfeoti
329 2827 465 2910 μεμηλώς
498 2835 579 2894 huno
612 2832 643 2892 in
675 2833 795 2892 modum
829 2832 977 2893 oonstruit
1009 2852 1077 2892 oum
1109 2832 1249 2908 genetivo

171 2937 208 2998 It
225 2939 261 3013 V,
285 2938 357 2998 tos.
384 2936 475 3011 XIII,
499 2936 570 2998 297.
597 2936 638 2995 ib.
655 2941 726 2996 469.
751 2970 791 2981 -
813 2934 845 3015 β)
869 2937 905 2996 de
927 2955 969 3010 re,
993 2955 1069 3016 qnae
1091 2935 1180 2996 alioui
1205 2940 1251 2994 est

173 3059 270 3101 ouras.
303 3043 446 3115 Persona,
469 3039 517 3101 oni
541 3041 613 3121 quid
636 3059 725 3100 ouras
748 3045 802 3114 ost,
825 3040 949 3118 ponitur
970 3039 1003 3099 in
1025 3040 1126 3102 dativo
1149 3041 1198 3100 Pr.
1217 3044 1250 3099 3:

172 3141 219 3205 ool
249 3139 282 3203 dl
310 3136 365 3223 χρή
395 3138 491 3221 μέλειν
521 3135 686 3213 ἐπιστολάς.
737 3143 875 3223 Reliquis
904 3143 978 3202 loois
1010 3144 1177 3221 subjeetum
1205 3147 1251 3202 ost

172 3252 314 3309 nentrum
334 3246 522 3325 pronominis
545 3245 731 3309 substantivo
747 3247 859 3306 dietum
873 3248 954 3324 Sept
973 3250 1050 3306 182:
1071 3243 1149 3324 μέλει
1165 3239 1250 3325 ἆυδρλ

172 3384 215 3395 -
241 3344 384 3423 τᾶξωθεν.
428 3353 485 3425 Ag.
509 3355 586 3411 568:
617 3343 724 3425 δόμοις
753 3344 785 3409 δέ
815 3351 907 3408 ταῦτα
936 3347 989 3409 καλ
1020 3341 1251 3432 Κλυταιμήστρᾳ

175 3449 278 3531 μέλειν.

259 3558 291 3637 b)
313 3556 633 3636 impersonaliter
662 3555 694 3634 α)
716 3576 783 3619 oum
806 3557 907 3620 dativo
936 3577 1096 3635 personas,
1127 3557 1174 3616 oui
1197 3556 1251 3615 ali·

175 3660 247 3742 quid
269 3681 357 3721 ouras
380 3666 438 3736 est,
461 3665 492 3720 et
514 3659 653 3735 genetivo
676 3660 721 3721 roi
743 3660 793 3722 vel
815 3680 974 3737 personae:
1002 3663 1051 3721 Pr.
1075 3662 1153 3720 ost:
1184 3655 1251 3737 ἐμοὶ

174 3756 201 3823 δ’
222 3759 346 3825 έλαισον
371 3755 471 3841 Ζηνός
492 3757 513 3841 ή
533 3758 627 3841 μηδὲν
649 3760 735 3840 μέλει.
770 3769 826 3839 Ag.
844 3769 922 3826 938:
944 3760 1025 3840 μέλοι
1048 3759 1082 3823 δέ
1104 3759 1179 3843 [τοι]
1203 3759 1251 3822 ool

173 3869 289 3947 τοῖνττερ
311 3859 349 3925 do
370 3863 476 3951 μέλλης
497 3870 596 3928 τελεῖν.
631 3869 684 3929 ch.
701 3874 778 3928 938:
802 3854 920 3950 ᾦμέλει
943 3866 1130 3947 κρυπταδίου
1146 3860 1249 3944 μάχας.

175 3968 207 4049 β)
230 3989 297 4030 oum
318 3971 541 4048 praepositione
564 3969 631 4050 ττερλ
653 3972 690 4030 ed
713 3972 886 4046 genetivum
915 3972 1076 4031 aooedsnte
1099 3971 1150 4030 cu
1175 3970 1251 4030 761:

175 4070 253 4152 μέλει
276 4075 393 4134 θεοῖσιν
416 4059 514 4152 ὦνπερ
537 4067 574 4132 ἂν
590 4070 663 4157 μέλη
680 4071 756 4154 aspi.
791 4074 821 4154 γ)
845 4094 912 4134 oum
933 4073 1085 4137 infinitivo
1101 4078 1157 4148 Ag.
1175 4072 1250 4133 547:

175 4170 208 4237 sd
238 4167 345 4256 μήποτ’
374 4161 468 4246 αὖθις
496 4169 565 4254 μηδ’
595 4171 757 4256 ἀναστῆναι
786 4173 890 4256 μέλειν.
939 4177 982 4238 ib.
1008 4181 1106 4237 1204:
1135 4179 1198 4248 τοῖς
1225 4167 1251 4236 δ’
