2850 4590
616 344 660 354 -
701 305 724 371 4
766 343 809 355 ..

174 454 292 540 drapo.)
334 464 474 522 Bernh.
504 461 604 541 (Synt.
632 485 661 540 p.
687 464 739 541 54)
769 465 829 522 huo
858 465 971 522 referre
1001 464 1121 523 videtur
1150 464 1253 542 Suppl.

68 567 69 573 '
176 571 252 626 831:
285 559 385 636 ὀιζύος
414 557 499 640 ὄνομ’
530 562 605 642 έχων
636 566 828 644 (componere
860 566 932 625 lieet
961 566 1031 625 Sall.
1060 568 1127 640 Jug.
1151 568 1204 638 IV,
1234 575 1251 626 3

172 688 299 742 „nomen
322 669 450 727 inertiae
472 668 632 745 imponant
654 669 733 743 Hist.
757 671 781 746 1,
805 671 860 728 76:
883 669 930 726 eui
954 688 1063 727 nomen
1087 670 1249 730 oblivionis

173 771 391 850 condiderant).
436 772 492 830 Sed
523 792 584 830 non
615 771 679 830 sine
710 790 798 831 eausa
828 765 928 842 ὀιζύος
950 766 1043 846 νόμον
1065 772 1113 831 vel
1144 773 1253 831 similia

173 880 370 935 eorrexerunt
391 874 567 948 Burgesius,
591 876 743 948 Engerus,
766 875 966 946 Hermannus,
990 874 1126 934 Weilius.
1172 876 1252 953 Sept.

175 984 251 1037 882:
273 971 412 1035 develton
427 973 522 1044 τέλος·
544 977 610 1054 ipsa
632 997 712 1035 mors
736 982 780 1034 est
803 977 872 1034 finis
896 998 917 1036 s.
935 978 1042 1037 exitus.
1082 978 1148 1042 Qua
1170 979 1251 1036 loeu-

172 1081 255 1140 tione
286 1080 397 1159 optime
420 1079 531 1138 muniri
561 1081 641 1141 viam
671 1081 708 1139 ad
739 1080 978 1158 perspiciendam
1007 1081 1165 1140 formulam
1188 1082 1252 1139 Ho-

172 1184 313 1243 merieam
337 1177 474 1241 θανάτου
497 1179 586 1252 τέλος.
622 1184 660 1243 ΙΙ.
676 1184 734 1256 III,
753 1189 822 1242 309.
848 1184 902 1243 Od.
919 1184 953 1257 V,
979 1189 1049 1243 326.
1072 1185 1174 1257 XVII,
1191 1185 1251 1243 476

173 1288 240 1366 quis
270 1307 330 1345 non
360 1285 463 1347 videt?
506 1283 558 1363 [ef.
588 1287 678 1346 etiam
708 1287 797 1360 Verg.
820 1291 894 1346 Aen.
919 1287 976 1364 XI,
1001 1293 1076 1346 546:
1106 1288 1166 1345 Hie
1195 1289 1251 1347 tibi

173 1390 279 1449 mortis
303 1394 390 1448 erant
412 1389 531 1468 metae]
568 1389 734 1448 Persimilis
758 1394 804 1447 est
823 1391 980 1465 junctura:
1003 1392 1085 1449 Pers.
1104 1396 1173 1448 898.
1197 1394 1254 1464 Ag.

174 1495 270 1553 1417:
294 1486 430 1550 develton
452 1495 543 1568 μοῖρα
565 1527 607 1535 -
631 1513 694 1551 sors
718 1497 764 1550 est
785 1513 864 1550 mors
888 1527 929 1535 -
951 1495 1055 1571 (μοῖρα
1077 1493 1096 1551 1.
1121 1513 1169 1572 qu.
1193 1487 1251 1548 θά-

174 1618 262 1666 νατος
275 1601 330 1671 Ag.
347 1600 441 1654 1319:
457 1591 620 1673 πεπαιτέρα
632 1587 689 1673 γάρ
705 1597 796 1673 μοῖρα
811 1595 864 1668 τῆς
880 1593 1064 1673 τυραννίδος.
1092 1599 1183 1667 1220,
1197 1602 1250 1654 2οε

173 1695 204 1758 σέ
234 1695 288 1775 μέν
314 1691 373 1775 πρά
404 1697 512 1777 μοίρας
539 1700 594 1772 τῆς
616 1695 690 1774 ἐμῆς
712 1697 891 1774 διαφθερῶ).
936 1700 1016 1776 Sept.
1043 1704 1120 1758 891:
1149 1692 1251 1772 τάφων

171 1795 318 1883 πατρῴων
331 1800 417 1877 λαχαί
429 1829 473 1852 =
488 1795 578 1874 τάφοι
600 1803 743 1884 πατρῷοι.
781 1802 863 1880 Sept.
881 1807 957 1862 922:
981 1804 1072 1879 μοῖρα
1087 1795 1252 1860 διοσδότων

172 1899 274 1982 άχέων.
308 1905 438 1964 Proinde
461 1924 533 1964 eave
556 1910 669 1964 statuas
693 1905 866 1978 genetivum
888 1904 1079 1982 partitivum:
1103 1909 1157 1978 Ag.
1175 1910 1251 1963 485:

172 2004 305 2084 μεθέξειν
320 2001 463 2079 φιλτάτου
477 2001 578 2079 τάφου
594 2003 691 2085 μέρος.
726 2009 777 2066 ch.
796 2012 872 2066 284:
895 2009 1044 2085 κρατῆρος
1060 2002 1149 2085 μέρος
1165 2026 1250 2080 μετα-

172 2114 258 2188 σχεῖν.
303 2116 358 2185 Ag.
385 2116 460 2170 535:
490 2104 604 2189 η’ματος
626 2106 722 2187 μέρος.
746 2147 788 2155 -
816 2110 933 2169 Deinde
956 2111 1074 2169 adfero:
1104 2111 1251 2187 κεραυνοῦ

172 2212 256 2291 βέλος
286 2213 366 2292 Sept.
392 2220 462 2271 436.
515 2214 615 2272 πολῶν
644 2210 743 2283 trodo
774 2215 814 2272 ib,
839 2219 889 2287 33,
914 2219 961 2271 58.
1015 2205 1145 2288 πηδάλια
1174 2215 1250 2288 χαλι-

170 2318 232 2376 νῶν
259 2317 299 2375 ib.
326 2322 395 2375 189.
440 2309 556 2393 μηχανὴ
583 2311 761 2391 συζωμάτων
790 2315 892 2392 Suppl.
917 2321 976 2374 445
1010 2315 1174 2392 (cingulum
1205 2322 1250 2373 est

170 2417 429 2496 instrumentum),
460 2412 576 2494 μηχανὴ
599 2411 792 2494 πτερώματος
820 2419 876 2492 frg.
904 2423 962 2476 129
993 2411 1116 2495 πύργων
1139 2416 1250 2498 βαθείᾳ

171 2524 289 2604 μηχανῇ
318 2521 421 2599 Suppl.
446 2527 516 2581 923.
567 2522 722 2586 Quomodo
753 2521 847 2595 igitur
877 2521 938 2580 sint
968 2521 1146 2598 explicanda
1175 2540 1251 2600 quae

170 2625 296 2698 legimus
319 2626 409 2703 Soph.
432 2625 482 2684 Αἱ.
508 2629 584 2683 159:
616 2617 733 2702 πύργου
756 2621 846 2699 βῦμα.
890 2624 996 2682 Traoh.
1021 2629 1098 2681 615:
1128 2627 1252 2702 σφραγῖ-

171 2726 224 2798 δος
253 2724 330 2805 έρκει
353 2727 464 2805 (Sohol.
487 2728 728 2804 περιφραοτικοός
758 2727 793 2808 τῇ
825 2723 981 2803 σφραγῖδι)
1011 2727 1172 2803 praecipuo
1205 2727 1251 2784 Αἰ.

176 2832 276 2890 1076:
298 2825 458 2907 πρόβλημα
480 2823 583 2906 φόβου
606 2827 657 2888 καὶ
680 2827 785 2898 αἰδοῦς
807 2824 920 2906 (φόβος
935 2834 965 2888 et
981 2823 1072 2898 αἰδώς
1093 2830 1159 2907 ipsa
1182 2836 1252 2888 sunt

171 2932 333 3011 praesidia)
362 2954 434 2992 num
464 2934 647 3013 relinquitur
676 2934 708 2991 in
739 2932 876 2991 inoerto?
919 2934 1031 2991 Errant
1059 2934 1253 2992 vehementer

173 3037 196 3094 si
222 3035 271 3115 qui
295 3036 370 3094 alios
386 3057 451 3095 esse
472 3037 514 3096 ibi
540 3037 695 3111 genetivus
715 3037 861 3112 judicant.
876 3071 918 3079 —
941 3036 998 3094 Sed
1021 3036 1136 3114 reliqua
1150 3036 1252 3096 videa·

174 3159 239 3199 mus
262 3140 399 3215 exempla
421 3141 503 3199 Pers.
525 3141 604 3199 706:
628 3140 750 3214 Λοιμοῦ
772 3132 904 3214 σκηπτός
924 3172 966 3182 ·—
989 3139 1055 3216 ipsa
1077 3138 1252 3215 pestilentia

173 3248 218 3301 est
246 3241 364 3300 irruens
387 3243 548 3303 calamitas.
571 3279 614 3287 -
644 3243 747 3320 Suppl.
772 3248 848 3301 634:
879 3235 956 3320 ἥβας
979 3234 1076 3310 άνθος
1104 3233 1251 3317 άδρεκτον

129 3423 132 3430 ¹
173 3342 247 3403 έστω
266 3345 424 3422 (juventus
438 3373 482 3395 =
496 3347 561 3404 flos.
578 3348 660 3404 Pers.
680 3351 729 3419 61,
754 3351 824 3418 252,
848 3350 919 3404 904.
943 3349 998 3418 Ag.
1017 3350 1085 3403 184.
1110 3346 1159 3402 Pr.
1176 3345 1251 3417 422)

174 3467 271 3527 neque
293 3448 387 3507 multo
411 3469 496 3507 seous
518 3449 700 3523 intellegam.
736 3451 818 3507 Pers.
836 3452 914 3506 901:
936 3440 1049 3520 κόσμος
1071 3441 1190 3523 ἀνδρῶν
1211 3480 1251 3489 -

174 3557 381 3610 ornamentum
415 3553 493 3630 quod
527 3552 601 3612 viris
634 3552 805 3611 continetur
834 3585 885 3609 —.
937 3553 993 3623 Ag.
1026 3555 1103 3608 291:
1140 3543 1253 3624 θεσμὸς

173 3647 279 3728 πυρός.
313 3646 427 3728 θεσμός
441 3657 499 3713 hoo
521 3655 587 3713 loeo
609 3655 640 3712 id
664 3660 710 3712 est
732 3655 811 3733 quod
833 3653 1006 3711 institutum
1025 3659 1078 3712 est.
1116 3655 1252 3726 Engerus

175 3758 292 3816 confert
313 3759 399 3816 Eum.
424 3735 497 3815 60d:
526 3753 598 3827 λέξω
621 3749 698 3834 πράς
727 3748 806 3830 ὑμᾶς
828 3756 966 3833 (judiees)
989 3748 1067 3813 τόνδ’
1090 3748 1253 3829 Ἀθηναίας
1324 3819 1325 3823 ρ

173 3895 215 3903 -
239 3853 354 3934 θεσμόν
376 3852 504 3937 (θεσμόν
527 3865 573 3918 est
594 3859 743 3937 appositio
766 3860 802 3917 ad
826 3849 916 3934 dunig)
939 3893 990 3915 —.
1026 3854 1137 3916 τέκνων
1159 3851 1253 3932 βάρος

174 3965 227 4023 ch.
252 3968 322 4023 989.
367 3962 467 4036 Digna
497 3983 585 4040 porro
617 3969 686 4021 sunt
717 3981 792 4041 quae
819 3967 1088 4019 eommemorentur
1114 3965 1171 4035 Ag.
1196 3967 1251 4020 93:

173 4065 312 4145 χρίματος
333 4057 426 4144 άγνοῦ
449 4069 594 4141 μαλακαῖς
616 4057 749 4123 άδόλονσι
771 4062 976 4143 παρηγορίαις.
1016 4063 1184 4143 παρηγορία
1207 4070 1253 4123 est

175 4170 379 4244 „fomentum“
408 4169 486 4226 idem
516 4169 605 4246 plane
634 4168 738 4229 velens
767 4172 857 4246 atque
885 4162 1082 4248 καρηγόρημα
1110 4171 1167 4242 frg.
1190 4173 1251 4225 418
1327 4213 1329 4217 ,
