<?xml version="1.0" encoding="UTF-8"?>
<!DOCTYPE html PUBLIC "-//W3C//DTD XHTML 1.0 Transitional//EN"
    "http://www.w3.org/TR/xhtml1/DTD/xhtml1-transitional.dtd">
<html xmlns="http://www.w3.org/1999/xhtml" xml:lang="en" lang="en">
 <head>
  <title>
</title>
<meta http-equiv="Content-Type" content="text/html;charset=utf-8" />
  <meta name='ocr-system' content='tesseract 3.04.00' />
  <meta name='ocr-capabilities' content='ocr_page ocr_carea ocr_par ocr_line ocrx_word'/>
</head>
<body>
  <div class='ocr_page' id='page_1' title='image "./degenuiniquemvo00schegoog_0069.png"; bbox 0 0 2850 4590; ppageno 0'>
   <div class='ocr_carea' id='block_1_1' title="bbox 641 292 855 358">
    <p class='ocr_par' dir='ltr' id='par_1_1' title="bbox 641 292 855 358">
     <span class='ocr_line' id='line_1_1' title="bbox 641 292 855 358; baseline 0.005 -19"><span class='ocrx_word' id='word_1_1' title='bbox 641 292 855 358; x_wconf 76' lang='lat'><strong>..60..</strong></span> 
     </span>
    </p>
   </div>
   <div class='ocr_carea' id='block_1_2' title="bbox 207 442 1288 1869">
    <p class='ocr_par' dir='ltr' id='par_1_2' title="bbox 207 442 1288 1869">
     <span class='ocr_line' id='line_1_2' title="bbox 210 442 1288 534; baseline 0.001 -26"><span class='ocrx_word' id='word_1_2' title='bbox 210 448 385 525; x_wconf 88' lang='lat' dir='ltr'><strong>subjudice</strong></span> <span class='ocrx_word' id='word_1_3' title='bbox 409 455 455 509; x_wconf 87' lang='lat' dir='ltr'><strong>est</strong></span> <span class='ocrx_word' id='word_1_4' title='bbox 479 451 516 509; x_wconf 91' lang='lat' dir='ltr'><strong>lis</strong></span> <span class='ocrx_word' id='word_1_5' title='bbox 539 452 575 510; x_wconf 89' lang='lat' dir='ltr'><strong>de</strong></span> <span class='ocrx_word' id='word_1_6' title='bbox 598 453 653 524; x_wconf 80' lang='lat' dir='ltr'><strong>hg.</strong></span> <span class='ocrx_word' id='word_1_7' title='bbox 678 456 734 510; x_wconf 80' lang='lat'><strong>49:</strong></span> <span class='ocrx_word' id='word_1_8' title='bbox 764 442 819 509; x_wconf 79' lang='grc' dir='ltr'><strong><em>οἵτ’</em></strong></span> <span class='ocrx_word' id='word_1_9' title='bbox 841 448 993 521; x_wconf 72' lang='grc' dir='ltr'><strong><em>ἐκπατίοις</em></strong></span> <span class='ocrx_word' id='word_1_10' title='bbox 1018 447 1024 534; x_wconf 83' lang='grc' dir='ltr'>Ι</span> <span class='ocrx_word' id='word_1_11' title='bbox 1049 443 1146 532; x_wconf 77' lang='grc' dir='ltr'><strong><em>όλχεσι</em></strong></span> <span class='ocrx_word' id='word_1_12' title='bbox 1170 448 1288 510; x_wconf 90' lang='grc' dir='ltr'><strong><em>παίδων</em></strong></span> 
     </span>
     <span class='ocr_line' id='line_1_3' title="bbox 211 547 1286 633; baseline 0.001 -22"><span class='ocrx_word' id='word_1_13' title='bbox 211 560 241 611; x_wconf 86' lang='lat' dir='ltr'><strong>et</strong></span> <span class='ocrx_word' id='word_1_14' title='bbox 271 552 343 611; x_wconf 91' lang='lat' dir='ltr'><strong>ibid.</strong></span> <span class='ocrx_word' id='word_1_15' title='bbox 369 557 424 613; x_wconf 84' lang='lat'><strong>53:</strong></span> <span class='ocrx_word' id='word_1_16' title='bbox 456 548 633 631; x_wconf 76' lang='grc' dir='ltr'><em>δεμνιοτήρη</em></span> <span class='ocrx_word' id='word_1_17' title='bbox 653 551 657 633; x_wconf 68' lang='grc' dir='ltr'><strong><em>ί</em></strong></span> <span class='ocrx_word' id='word_1_18' title='bbox 677 547 771 612; x_wconf 92' lang='grc' dir='ltr'><strong><em>πόνον</em></strong></span> <span class='ocrx_word' id='word_1_19' title='bbox 793 547 955 633; x_wconf 82' lang='grc' dir='ltr'><strong><em>ὀρταλίχων</em></strong></span> <span class='ocrx_word' id='word_1_20' title='bbox 977 548 1136 624; x_wconf 77' lang='grc' dir='ltr'><strong><em>ὀλέσαντες.</em></strong></span> <span class='ocrx_word' id='word_1_21' title='bbox 1172 555 1286 613; x_wconf 91' lang='lat' dir='ltr'><strong>Locum</strong></span> 
     </span>
     <span class='ocr_line' id='line_1_4' title="bbox 209 652 1287 734; baseline -0.001 -20"><span class='ocrx_word' id='word_1_22' title='bbox 209 655 341 734; x_wconf 80' lang='lat' dir='ltr'>priorem</span> <span class='ocrx_word' id='word_1_23' title='bbox 362 656 513 729; x_wconf 76' lang='lat' dir='ltr'>intellegit</span> <span class='ocrx_word' id='word_1_24' title='bbox 531 657 630 716; x_wconf 81' lang='lat' dir='ltr'><strong>Schol.</strong></span> <span class='ocrx_word' id='word_1_25' title='bbox 652 678 711 717; x_wconf 89' lang='lat' dir='ltr'><strong>rec.</strong></span> <span class='ocrx_word' id='word_1_26' title='bbox 733 661 815 717; x_wconf 91' lang='lat' dir='ltr'><strong>hunc</strong></span> <span class='ocrx_word' id='word_1_27' title='bbox 837 657 869 715; x_wconf 92' lang='lat' dir='ltr'><strong>in</strong></span> <span class='ocrx_word' id='word_1_28' title='bbox 891 660 1026 717; x_wconf 88' lang='lat' dir='ltr'><strong>modum:</strong></span> <span class='ocrx_word' id='word_1_29' title='bbox 1048 652 1118 716; x_wconf 86' lang='grc' dir='ltr'><strong><em>δίον</em></strong></span> <span class='ocrx_word' id='word_1_30' title='bbox 1139 652 1171 716; x_wconf 83' lang='grc' dir='ltr'><strong>δὲ</strong></span> <span class='ocrx_word' id='word_1_31' title='bbox 1193 654 1287 714; x_wconf 80' lang='grc' dir='ltr'><strong><em>εἰπεῖν</em></strong></span> 
     </span>
     <span class='ocr_line' id='line_1_5' title="bbox 209 751 1286 839; baseline 0.001 -22"><span class='ocrx_word' id='word_1_32' title='bbox 209 755 356 817; x_wconf 77' lang='grc' dir='ltr'><strong><em>ἔκπατίων</em></strong></span> <span class='ocrx_word' id='word_1_33' title='bbox 385 757 503 817; x_wconf 89' lang='grc' dir='ltr'><strong><em>παίδων</em></strong></span> <span class='ocrx_word' id='word_1_34' title='bbox 532 755 683 829; x_wconf 80' lang='grc' dir='ltr'><strong><em>ἐκπατίοις</em></strong></span> <span class='ocrx_word' id='word_1_35' title='bbox 713 751 776 818; x_wconf 85' lang='grc' dir='ltr'><strong><em>είπε</em></strong></span> <span class='ocrx_word' id='word_1_36' title='bbox 809 753 885 838; x_wconf 85' lang='grc' dir='ltr'><strong><em>πρός</em></strong></span> <span class='ocrx_word' id='word_1_37' title='bbox 917 753 949 819; x_wconf 85' lang='grc' dir='ltr'><strong><em>τό</em></strong></span> <span class='ocrx_word' id='word_1_38' title='bbox 979 751 1085 838; x_wconf 76' lang='lat' dir='ltr'><strong>dipem.</strong></span> <span class='ocrx_word' id='word_1_39' title='bbox 1138 760 1286 839; x_wconf 82' lang='lat' dir='ltr'><strong>Equidem</strong></span> 
     </span>
     <span class='ocr_line' id='line_1_6' title="bbox 209 862 1287 941; baseline 0.003 -22"><span class='ocrx_word' id='word_1_40' title='bbox 209 881 388 941; x_wconf 87' lang='lat' dir='ltr'><strong>quamquam</strong></span> <span class='ocrx_word' id='word_1_41' title='bbox 418 883 481 920; x_wconf 89' lang='lat' dir='ltr'><strong>rem</strong></span> <span class='ocrx_word' id='word_1_42' title='bbox 495 862 710 923; x_wconf 73' lang='lat' dir='ltr'><strong>difficillimam</strong></span> <span class='ocrx_word' id='word_1_43' title='bbox 733 885 780 922; x_wconf 90' lang='lat' dir='ltr'><strong>me</strong></span> <span class='ocrx_word' id='word_1_44' title='bbox 803 884 864 923; x_wconf 91' lang='lat' dir='ltr'><strong>non</strong></span> <span class='ocrx_word' id='word_1_45' title='bbox 886 883 974 941; x_wconf 90' lang='lat' dir='ltr'><strong>posse</strong></span> <span class='ocrx_word' id='word_1_46' title='bbox 998 863 1127 922; x_wconf 88' lang='lat' dir='ltr'><strong>enodare</strong></span> <span class='ocrx_word' id='word_1_47' title='bbox 1156 862 1287 923; x_wconf 79' lang='lat' dir='ltr'><strong>libenter</strong></span> 
     </span>
     <span class='ocr_line' id='line_1_7' title="bbox 208 963 1286 1045; baseline 0 -21"><span class='ocrx_word' id='word_1_48' title='bbox 208 966 314 1038; x_wconf 84' lang='lat' dir='ltr'><strong>fateor,</strong></span> <span class='ocrx_word' id='word_1_49' title='bbox 337 964 518 1041; x_wconf 74' lang='lat' dir='ltr'><strong>adjectivum</strong></span> <span class='ocrx_word' id='word_1_50' title='bbox 540 971 640 1024; x_wconf 91' lang='lat' dir='ltr'><strong>tamen</strong></span> <span class='ocrx_word' id='word_1_51' title='bbox 656 963 807 1036; x_wconf 78' lang='grc' dir='ltr'><strong><em>ἐκπατίοις</em></strong></span> <span class='ocrx_word' id='word_1_52' title='bbox 822 968 858 1026; x_wconf 89' lang='lat' dir='ltr'><strong>ad</strong></span> <span class='ocrx_word' id='word_1_53' title='bbox 881 967 980 1045; x_wconf 89' lang='lat' dir='ltr'><strong>ipsum</strong></span> <span class='ocrx_word' id='word_1_54' title='bbox 1001 968 1129 1026; x_wconf 85' lang='lat' dir='ltr'><strong>referam</strong></span> <span class='ocrx_word' id='word_1_55' title='bbox 1151 965 1286 1025; x_wconf 90' lang='lat' dir='ltr'><strong>dativum</strong></span> 
     </span>
     <span class='ocr_line' id='line_1_8' title="bbox 207 1060 1285 1149; baseline -0.001 -22"><span class='ocrx_word' id='word_1_56' title='bbox 207 1060 314 1146; x_wconf 79' lang='grc' dir='ltr'><strong><em>όλγεσι.</em></strong></span> <span class='ocrx_word' id='word_1_57' title='bbox 354 1068 452 1128; x_wconf 85' lang='lat' dir='ltr'><strong>Schcl.</strong></span> <span class='ocrx_word' id='word_1_58' title='bbox 469 1071 526 1128; x_wconf 84' lang='grc' dir='ltr'><strong>Μ.;</strong></span> <span class='ocrx_word' id='word_1_59' title='bbox 549 1071 612 1138; x_wconf 89' lang='grc' dir='ltr'><strong><em>τοῖς</em></strong></span> <span class='ocrx_word' id='word_1_60' title='bbox 634 1065 689 1140; x_wconf 73' lang='grc' dir='ltr'><strong>ἔξω</strong></span> <span class='ocrx_word' id='word_1_61' title='bbox 711 1070 764 1144; x_wconf 76' lang='grc' dir='ltr'><strong>τῆς</strong></span> <span class='ocrx_word' id='word_1_62' title='bbox 787 1062 870 1128; x_wconf 79' lang='grc' dir='ltr'><strong><em>ὀδοῦ.</em></strong></span> <span class='ocrx_word' id='word_1_63' title='bbox 908 1071 1054 1149; x_wconf 84' lang='lat' dir='ltr'><strong>Hesych.:</strong></span> <span class='ocrx_word' id='word_1_64' title='bbox 1078 1060 1229 1140; x_wconf 78' lang='grc' dir='ltr'><strong><em>ίκπότιον,</em></strong></span> <span class='ocrx_word' id='word_1_65' title='bbox 1252 1061 1285 1126; x_wconf 90' lang='grc' dir='ltr'><strong><em>τό</em></strong></span> 
     </span>
     <span class='ocr_line' id='line_1_9' title="bbox 208 1162 1286 1249; baseline 0 -19"><span class='ocrx_word' id='word_1_66' title='bbox 208 1168 264 1242; x_wconf 74' lang='grc' dir='ltr'><strong>ἔξω</strong></span> <span class='ocrx_word' id='word_1_67' title='bbox 287 1162 393 1230; x_wconf 82' lang='grc' dir='ltr'><strong><em>πότου.</em></strong></span> <span class='ocrx_word' id='word_1_68' title='bbox 433 1172 679 1234; x_wconf 83' lang='lat' dir='ltr'><strong>Schneidewinus</strong></span> <span class='ocrx_word' id='word_1_69' title='bbox 701 1173 801 1233; x_wconf 84' lang='lat' dir='ltr'><strong>reddit</strong></span> <span class='ocrx_word' id='word_1_70' title='bbox 821 1173 989 1245; x_wconf 84' lang='lat' dir='ltr'><strong>‚,enormis“</strong></span> <span class='ocrx_word' id='word_1_71' title='bbox 1011 1174 1168 1232; x_wconf 87' lang='lat' dir='ltr'><strong>conferens</strong></span> <span class='ocrx_word' id='word_1_72' title='bbox 1189 1171 1286 1249; x_wconf 88' lang='lat' dir='ltr'><strong>intpp.</strong></span> 
     </span>
     <span class='ocr_line' id='line_1_10' title="bbox 209 1271 1285 1355; baseline -0.001 -21"><span class='ocrx_word' id='word_1_73' title='bbox 209 1274 296 1350; x_wconf 83' lang='lat' dir='ltr'><strong>Greg.</strong></span> <span class='ocrx_word' id='word_1_74' title='bbox 320 1277 386 1335; x_wconf 82' lang='lat' dir='ltr'><strong>Gor.</strong></span> <span class='ocrx_word' id='word_1_75' title='bbox 409 1295 439 1352; x_wconf 86' lang='lat' dir='ltr'><strong>p.</strong></span> <span class='ocrx_word' id='word_1_76' title='bbox 456 1280 525 1333; x_wconf 83' lang='lat'><strong>566.</strong></span> <span class='ocrx_word' id='word_1_77' title='bbox 566 1277 672 1355; x_wconf 87' lang='lat' dir='ltr'><strong>Neque</strong></span> <span class='ocrx_word' id='word_1_78' title='bbox 695 1276 791 1335; x_wconf 88' lang='lat' dir='ltr'><strong>secius</strong></span> <span class='ocrx_word' id='word_1_79' title='bbox 812 1277 877 1336; x_wconf 90' lang='lat' dir='ltr'><strong>loco</strong></span> <span class='ocrx_word' id='word_1_80' title='bbox 900 1276 1075 1355; x_wconf 87' lang='lat' dir='ltr'><strong>posteriore,</strong></span> <span class='ocrx_word' id='word_1_81' title='bbox 1097 1275 1149 1334; x_wconf 89' lang='lat' dir='ltr'><strong>ubi</strong></span> <span class='ocrx_word' id='word_1_82' title='bbox 1171 1271 1285 1349; x_wconf 89' lang='grc' dir='ltr'><strong><em>δεμνιο-</em></strong></span> 
     </span>
     <span class='ocr_line' id='line_1_11' title="bbox 208 1370 1286 1459; baseline 0 -23"><span class='ocrx_word' id='word_1_83' title='bbox 208 1370 282 1455; x_wconf 77' lang='grc' dir='ltr'><strong><em>τήρη</em></strong></span> <span class='ocrx_word' id='word_1_84' title='bbox 299 1379 336 1436; x_wconf 90' lang='lat' dir='ltr'><strong>ad</strong></span> <span class='ocrx_word' id='word_1_85' title='bbox 352 1379 524 1452; x_wconf 82' lang='lat' dir='ltr'><strong>genetivum</strong></span> <span class='ocrx_word' id='word_1_86' title='bbox 539 1379 734 1456; x_wconf 88' lang='lat' dir='ltr'><strong>repetendum</strong></span> <span class='ocrx_word' id='word_1_87' title='bbox 757 1399 820 1439; x_wconf 87' lang='lat' dir='ltr'><strong>esse</strong></span> <span class='ocrx_word' id='word_1_88' title='bbox 836 1384 922 1458; x_wconf 89' lang='lat' dir='ltr'><strong>putat</strong></span> <span class='ocrx_word' id='word_1_89' title='bbox 936 1379 1141 1459; x_wconf 74' lang='lat' dir='ltr'><strong>Hesychius</strong></span> <span class='ocrx_word' id='word_1_90' title='bbox 1157 1376 1286 1457; x_wconf 90' lang='grc' dir='ltr'><strong><em>(δεμνιο-</em></strong></span> 
     </span>
     <span class='ocr_line' id='line_1_12' title="bbox 208 1473 1287 1561; baseline -0.001 -23"><span class='ocrx_word' id='word_1_91' title='bbox 208 1473 283 1559; x_wconf 82' lang='grc' dir='ltr'><strong><em>τηρη</em></strong></span> <span class='ocrx_word' id='word_1_92' title='bbox 313 1473 415 1540; x_wconf 87' lang='grc' dir='ltr'><strong><em>πόνον.</em></strong></span> <span class='ocrx_word' id='word_1_93' title='bbox 461 1474 608 1558; x_wconf 76' lang='grc' dir='ltr'><strong><em>Αἰσχύλος</em></strong></span> <span class='ocrx_word' id='word_1_94' title='bbox 634 1474 844 1561; x_wconf 77' lang='grc' dir='ltr'><strong><em>Ἀγαμέμνονι,</em></strong></span> <span class='ocrx_word' id='word_1_95' title='bbox 874 1474 1010 1542; x_wconf 81' lang='grc' dir='ltr'><strong><em>καθόσον</em></strong></span> <span class='ocrx_word' id='word_1_96' title='bbox 1040 1479 1071 1541; x_wconf 88' lang='grc' dir='ltr'><strong><em>οί</em></strong></span> <span class='ocrx_word' id='word_1_97' title='bbox 1096 1475 1214 1540; x_wconf 84' lang='grc' dir='ltr'><strong><em>νεοσσοί</em></strong></span> <span class='ocrx_word' id='word_1_98' title='bbox 1244 1476 1287 1538; x_wconf 77' lang='grc' dir='ltr'><strong><em>ἔτι</em></strong></span> 
     </span>
     <span class='ocr_line' id='line_1_13' title="bbox 207 1576 1285 1664; baseline -0.002 -22"><span class='ocrx_word' id='word_1_99' title='bbox 207 1583 338 1643; x_wconf 83' lang='grc' dir='ltr'><strong><em>τοιοῦτοί</em></strong></span> <span class='ocrx_word' id='word_1_100' title='bbox 361 1580 433 1642; x_wconf 80' lang='grc' dir='ltr'><strong><em>εἰσιν</em></strong></span> <span class='ocrx_word' id='word_1_101' title='bbox 456 1576 497 1653; x_wconf 72' lang='grc' dir='ltr'><strong><em>σός</em></strong></span> <span class='ocrx_word' id='word_1_102' title='bbox 519 1577 554 1642; x_wconf 82' lang='grc' dir='ltr'><strong>ταί</strong></span> <span class='ocrx_word' id='word_1_103' title='bbox 577 1582 681 1661; x_wconf 79' lang='grc' dir='ltr'><strong><em>δέμνια</em></strong></span> <span class='ocrx_word' id='word_1_104' title='bbox 703 1588 801 1664; x_wconf 78' lang='grc' dir='ltr'><strong><em>τηρεῖν</em></strong></span> <span class='ocrx_word' id='word_1_105' title='bbox 822 1581 874 1644; x_wconf 83' lang='grc' dir='ltr'><strong>καί</strong></span> <span class='ocrx_word' id='word_1_106' title='bbox 895 1581 1037 1662; x_wconf 86' lang='grc' dir='ltr'><strong><em>κατίχειν,</em></strong></span> <span class='ocrx_word' id='word_1_107' title='bbox 1060 1579 1184 1661; x_wconf 77' lang='grc' dir='ltr'><strong><em>μηδέπω</em></strong></span> <span class='ocrx_word' id='word_1_108' title='bbox 1203 1577 1285 1640; x_wconf 80' lang='grc' dir='ltr'><strong><em>πέτε-</em></strong></span> 
     </span>
     <span class='ocr_line' id='line_1_14' title="bbox 210 1678 1284 1767; baseline 0.002 -23"><span class='ocrx_word' id='word_1_109' title='bbox 210 1690 283 1746; x_wconf 80' lang='grc' dir='ltr'><strong><em>σθαι</em></strong></span> <span class='ocrx_word' id='word_1_110' title='bbox 300 1678 470 1762; x_wconf 73' lang='grc' dir='ltr'><strong><em>δυνάμενοι.</em></strong></span> <span class='ocrx_word' id='word_1_111' title='bbox 505 1680 601 1746; x_wconf 88' lang='grc' dir='ltr'><strong><em>πόνον</em></strong></span> <span class='ocrx_word' id='word_1_112' title='bbox 623 1683 656 1747; x_wconf 80' lang='grc' dir='ltr'><strong>δὲ</strong></span> <span class='ocrx_word' id='word_1_113' title='bbox 677 1681 714 1746; x_wconf 82' lang='grc' dir='ltr'><strong>ταί</strong></span> <span class='ocrx_word' id='word_1_114' title='bbox 735 1685 803 1767; x_wconf 86' lang='grc' dir='ltr'><strong><em>περί</em></strong></span> <span class='ocrx_word' id='word_1_115' title='bbox 825 1680 879 1765; x_wconf 78' lang='grc' dir='ltr'><strong><em>την</em></strong></span> <span class='ocrx_word' id='word_1_116' title='bbox 894 1681 1011 1766; x_wconf 74' lang='grc' dir='ltr'><strong><em>τροφὴν</em></strong></span> <span class='ocrx_word' id='word_1_117' title='bbox 1026 1679 1138 1764; x_wconf 75' lang='grc' dir='ltr'><strong><em>αὐτῶν)</em></strong></span> <span class='ocrx_word' id='word_1_118' title='bbox 1160 1687 1192 1745; x_wconf 93' lang='lat' dir='ltr'><strong>in</strong></span> <span class='ocrx_word' id='word_1_119' title='bbox 1208 1687 1284 1746; x_wconf 89' lang='lat' dir='ltr'><strong>Her·</strong></span> 
     </span>
     <span class='ocr_line' id='line_1_15' title="bbox 207 1783 1285 1869; baseline -0.002 -19"><span class='ocrx_word' id='word_1_120' title='bbox 207 1791 310 1850; x_wconf 89' lang='lat' dir='ltr'><strong>manni</strong></span> <span class='ocrx_word' id='word_1_121' title='bbox 332 1795 451 1849; x_wconf 81' lang='lat' dir='ltr'><strong>transeo</strong></span> <span class='ocrx_word' id='word_1_122' title='bbox 475 1791 670 1851; x_wconf 87' lang='lat' dir='ltr'><strong>sententiam:</strong></span> <span class='ocrx_word' id='word_1_123' title='bbox 701 1788 918 1869; x_wconf 64' lang='lat' dir='ltr'><strong>„deprecatione</strong></span> <span class='ocrx_word' id='word_1_124' title='bbox 939 1783 1034 1860; x_wconf 82' lang='grc' dir='ltr'><strong><em>πόνος</em></strong></span> <span class='ocrx_word' id='word_1_125' title='bbox 1056 1783 1217 1867; x_wconf 85' lang='grc' dir='ltr'><strong><em>ὀρταλίχων</em></strong></span> <span class='ocrx_word' id='word_1_126' title='bbox 1241 1795 1285 1848; x_wconf 86' lang='lat' dir='ltr'><strong>est</strong></span> 
     </span>
    </p>
   </div>
   <div class='ocr_carea' id='block_1_3' title="bbox 110 1894 1285 1976">
    <p class='ocr_par' dir='ltr' id='par_1_3' title="bbox 110 1894 1285 1976">
     <span class='ocr_line' id='line_1_16' title="bbox 110 1894 1285 1976; baseline 0.001 -23"><span class='ocrx_word' id='word_1_127' title='bbox 110 1970 113 1976; x_wconf 85' lang='lat'><strong>.</strong></span> <span class='ocrx_word' id='word_1_128' title='bbox 209 1894 470 1972; x_wconf 88' lang='lat' dir='ltr'><strong>cubiliprema</strong></span> <span class='ocrx_word' id='word_1_129' title='bbox 492 1913 583 1954; x_wconf 90' lang='lat' dir='ltr'><strong>cura</strong></span> <span class='ocrx_word' id='word_1_130' title='bbox 604 1895 796 1973; x_wconf 90' lang='lat' dir='ltr'><strong>pullorum</strong></span> <span class='ocrx_word' id='word_1_131' title='bbox 824 1894 888 1955; x_wconf 87' lang='lat' dir='ltr'><strong>sive</strong></span> <span class='ocrx_word' id='word_1_132' title='bbox 910 1895 1011 1968; x_wconf 90' lang='lat' dir='ltr'><strong>labor,</strong></span> <span class='ocrx_word' id='word_1_133' title='bbox 1035 1914 1123 1973; x_wconf 89' lang='lat' dir='ltr'><strong>quem</strong></span> <span class='ocrx_word' id='word_1_134' title='bbox 1145 1901 1285 1972; x_wconf 86' lang='lat' dir='ltr'><strong>parentes</strong></span> 
     </span>
    </p>
   </div>
   <div class='ocr_carea' id='block_1_4' title="bbox 202 1997 1375 4140">
    <p class='ocr_par' dir='ltr' id='par_1_4' title="bbox 206 1997 1286 2281">
     <span class='ocr_line' id='line_1_17' title="bbox 206 1997 1285 2075; baseline 0 -19"><span class='ocrx_word' id='word_1_135' title='bbox 206 1998 297 2075; x_wconf 91' lang='lat' dir='ltr'><strong>pullis</strong></span> <span class='ocrx_word' id='word_1_136' title='bbox 328 1999 497 2058; x_wconf 89' lang='lat' dir='ltr'><strong>incubando</strong></span> <span class='ocrx_word' id='word_1_137' title='bbox 529 1999 764 2058; x_wconf 86' lang='lat' dir='ltr'><strong>sustinuerunt.“</strong></span> <span class='ocrx_word' id='word_1_138' title='bbox 817 1998 953 2063; x_wconf 74' lang='lat' dir='ltr'><strong>Quacum</strong></span> <span class='ocrx_word' id='word_1_139' title='bbox 983 1997 1183 2075; x_wconf 76' lang='lat' dir='ltr'><strong>explicatione</strong></span> <span class='ocrx_word' id='word_1_140' title='bbox 1216 2018 1285 2056; x_wconf 89' lang='lat' dir='ltr'><strong>con·</strong></span> 
     </span>
     <span class='ocr_line' id='line_1_18' title="bbox 207 2092 1286 2169; baseline -0.002 -9"><span class='ocrx_word' id='word_1_141' title='bbox 207 2101 307 2161; x_wconf 88' lang='lat' dir='ltr'><strong>cinere</strong></span> <span class='ocrx_word' id='word_1_142' title='bbox 329 2101 471 2160; x_wconf 88' lang='lat' dir='ltr'><strong>videntur</strong></span> <span class='ocrx_word' id='word_1_143' title='bbox 492 2102 585 2160; x_wconf 89' lang='lat' dir='ltr'><strong>verba</strong></span> <span class='ocrx_word' id='word_1_144' title='bbox 606 2101 704 2161; x_wconf 81' lang='lat' dir='ltr'><strong>Schol.</strong></span> <span class='ocrx_word' id='word_1_145' title='bbox 728 2101 784 2160; x_wconf 87' lang='lat' dir='ltr'><strong>M.:</strong></span> <span class='ocrx_word' id='word_1_146' title='bbox 806 2092 959 2169; x_wconf 80' lang='grc' dir='ltr'><strong><em>ὀλέσαντες</em></strong></span> <span class='ocrx_word' id='word_1_147' title='bbox 981 2094 1012 2159; x_wconf 84' lang='grc' dir='ltr'><strong>δὲ</strong></span> <span class='ocrx_word' id='word_1_148' title='bbox 1035 2092 1086 2158; x_wconf 90' lang='grc' dir='ltr'><strong><em>τόν</em></strong></span> <span class='ocrx_word' id='word_1_149' title='bbox 1109 2093 1203 2159; x_wconf 90' lang='grc' dir='ltr'><strong><em>πόνον</em></strong></span> <span class='ocrx_word' id='word_1_150' title='bbox 1226 2101 1286 2159; x_wconf 82' lang='grc' dir='ltr'><strong><em>τῶν</em></strong></span> 
     </span>
     <span class='ocr_line' id='line_1_19' title="bbox 207 2195 956 2281; baseline -0.003 -19"><span class='ocrx_word' id='word_1_151' title='bbox 207 2196 376 2281; x_wconf 87' lang='grc' dir='ltr'><strong><em>ὀρταλίχων,</em></strong></span> <span class='ocrx_word' id='word_1_152' title='bbox 398 2195 450 2262; x_wconf 87' lang='grc' dir='ltr'><strong><em>τόν</em></strong></span> <span class='ocrx_word' id='word_1_153' title='bbox 473 2199 505 2262; x_wconf 72' lang='lat' dir='ltr'><strong>iv</strong></span> <span class='ocrx_word' id='word_1_154' title='bbox 528 2206 589 2273; x_wconf 87' lang='grc' dir='ltr'><strong><em>τοῖς</em></strong></span> <span class='ocrx_word' id='word_1_155' title='bbox 612 2201 741 2279; x_wconf 87' lang='grc' dir='ltr'><strong><em>δεμνίοις</em></strong></span> <span class='ocrx_word' id='word_1_156' title='bbox 763 2197 956 2281; x_wconf 81' lang='grc' dir='ltr'><strong><em>τηρούμενον.</em></strong></span> 
     </span>
    </p>

    <p class='ocr_par' dir='ltr' id='par_1_5' title="bbox 202 2306 1375 3826">
     <span class='ocr_line' id='line_1_20' title="bbox 293 2306 1284 2385; baseline 0.001 -21"><span class='ocrx_word' id='word_1_157' title='bbox 293 2306 446 2379; x_wconf 80' lang='lat' dir='ltr'><strong>Ceterum,</strong></span> <span class='ocrx_word' id='word_1_158' title='bbox 475 2311 509 2366; x_wconf 89' lang='lat' dir='ltr'><strong>ut</strong></span> <span class='ocrx_word' id='word_1_159' title='bbox 530 2308 588 2366; x_wconf 92' lang='lat' dir='ltr'><strong>hoc</strong></span> <span class='ocrx_word' id='word_1_160' title='bbox 610 2307 723 2380; x_wconf 89' lang='lat' dir='ltr'><strong>addam,</strong></span> <span class='ocrx_word' id='word_1_161' title='bbox 747 2307 971 2385; x_wconf 90' lang='lat' dir='ltr'><strong>pronomina</strong></span> <span class='ocrx_word' id='word_1_162' title='bbox 993 2306 1094 2367; x_wconf 82' lang='lat' dir='ltr'><strong>traicit</strong></span> <span class='ocrx_word' id='word_1_163' title='bbox 1117 2307 1284 2385; x_wconf 86' lang='lat' dir='ltr'><strong>Aeschylus</strong></span> 
     </span>
     <span class='ocr_line' id='line_1_21' title="bbox 208 2403 1285 2486; baseline -0.002 -19"><span class='ocrx_word' id='word_1_164' title='bbox 208 2429 344 2486; x_wconf 87' lang='lat' dir='ltr'><strong>perraro:</strong></span> <span class='ocrx_word' id='word_1_165' title='bbox 372 2412 454 2470; x_wconf 88' lang='lat' dir='ltr'><strong>Pers.</strong></span> <span class='ocrx_word' id='word_1_166' title='bbox 479 2417 556 2470; x_wconf 80' lang='lat'><strong>604:</strong></span> <span class='ocrx_word' id='word_1_167' title='bbox 585 2408 667 2469; x_wconf 92' lang='grc' dir='ltr'><strong><em>τοία</em></strong></span> <span class='ocrx_word' id='word_1_168' title='bbox 689 2411 790 2468; x_wconf 77' lang='grc' dir='ltr'><strong><em>κακῶν</em></strong></span> <span class='ocrx_word' id='word_1_169' title='bbox 812 2405 948 2484; x_wconf 78' lang='grc' dir='ltr'><strong>ίιιπληξιςι</strong></span> <span class='ocrx_word' id='word_1_170' title='bbox 971 2407 1093 2485; x_wconf 81' lang='grc' dir='ltr'><strong><em>ἐκφοβεῖ</em></strong></span> <span class='ocrx_word' id='word_1_171' title='bbox 1116 2403 1285 2485; x_wconf 62' lang='grc' dir='ltr'><strong><em>φρίναςπ</em></strong></span> 
     </span>
     <span class='ocr_line' id='line_1_22' title="bbox 206 2503 1284 2591; baseline 0 -21"><span class='ocrx_word' id='word_1_172' title='bbox 206 2513 295 2572; x_wconf 86' lang='grc' dir='ltr'><strong><em>τοίων</em></strong></span> <span class='ocrx_word' id='word_1_173' title='bbox 317 2514 420 2572; x_wconf 80' lang='grc' dir='ltr'><strong><em>κακῶν</em></strong></span> <span class='ocrx_word' id='word_1_174' title='bbox 442 2509 587 2589; x_wconf 72' lang='grc' dir='ltr'><strong><em>ἔκπληξις.</em></strong></span> <span class='ocrx_word' id='word_1_175' title='bbox 604 2548 645 2558; x_wconf 91' lang='lat'><em>-</em></span> <span class='ocrx_word' id='word_1_176' title='bbox 662 2514 711 2591; x_wconf 81' lang='lat' dir='ltr'><strong>(de</strong></span> <span class='ocrx_word' id='word_1_177' title='bbox 733 2516 816 2574; x_wconf 86' lang='lat' dir='ltr'><strong>Pers.</strong></span> <span class='ocrx_word' id='word_1_178' title='bbox 833 2513 911 2571; x_wconf 82' lang='lat'>743:</span> <span class='ocrx_word' id='word_1_179' title='bbox 934 2505 1027 2581; x_wconf 88' lang='grc' dir='ltr'><strong><em>πολός</em></strong></span> <span class='ocrx_word' id='word_1_180' title='bbox 1043 2503 1173 2570; x_wconf 87' lang='grc' dir='ltr'><strong><em>πλοότου</em></strong></span> <span class='ocrx_word' id='word_1_181' title='bbox 1189 2504 1284 2581; x_wconf 90' lang='grc' dir='ltr'><strong><em>πόνος</em></strong></span> 
     </span>
     <span class='ocr_line' id='line_1_23' title="bbox 208 2607 1284 2697; baseline -0.001 -22"><span class='ocrx_word' id='word_1_182' title='bbox 208 2613 212 2697; x_wconf 69' lang='grc' dir='ltr'>ξ</span> <span class='ocrx_word' id='word_1_183' title='bbox 237 2607 330 2691; x_wconf 84' lang='grc' dir='ltr'><strong><em>οόμός</em></strong></span> <span class='ocrx_word' id='word_1_184' title='bbox 360 2618 473 2691; x_wconf 78' lang='lat' dir='ltr'><strong>egimus</strong></span> <span class='ocrx_word' id='word_1_185' title='bbox 503 2638 530 2694; x_wconf 90' lang='lat' dir='ltr'><strong>p.</strong></span> <span class='ocrx_word' id='word_1_186' title='bbox 557 2616 617 2694; x_wconf 87' lang='lat'><strong>17).</strong></span> <span class='ocrx_word' id='word_1_187' title='bbox 641 2649 681 2658; x_wconf 86' lang='lat'><strong>-</strong></span> <span class='ocrx_word' id='word_1_188' title='bbox 712 2618 812 2676; x_wconf 89' lang='lat' dir='ltr'><strong>Prom.</strong></span> <span class='ocrx_word' id='word_1_189' title='bbox 837 2620 896 2674; x_wconf 79' lang='lat'><strong>112</strong></span> <span class='ocrx_word' id='word_1_190' title='bbox 927 2615 1005 2675; x_wconf 88' lang='lat' dir='ltr'><strong>liber</strong></span> <span class='ocrx_word' id='word_1_191' title='bbox 1026 2615 1178 2674; x_wconf 82' lang='lat' dir='ltr'><strong>Mediceus</strong></span> <span class='ocrx_word' id='word_1_192' title='bbox 1208 2617 1284 2674; x_wconf 90' lang='lat' dir='ltr'><strong>haec</strong></span> 
     </span>
     <span class='ocr_line' id='line_1_24' title="bbox 206 2710 1283 2798; baseline -0.004 -17"><span class='ocrx_word' id='word_1_193' title='bbox 206 2722 299 2781; x_wconf 89' lang='lat' dir='ltr'><strong>verba</strong></span> <span class='ocrx_word' id='word_1_194' title='bbox 329 2721 453 2781; x_wconf 82' lang='lat' dir='ltr'><strong>exhibet</strong></span> <span class='ocrx_word' id='word_1_195' title='bbox 482 2720 609 2798; x_wconf 88' lang='lat' dir='ltr'><strong>scripta:</strong></span> <span class='ocrx_word' id='word_1_196' title='bbox 639 2711 787 2778; x_wconf 78' lang='grc' dir='ltr'><strong><em>τοιόσδε</em></strong></span> <span class='ocrx_word' id='word_1_197' title='bbox 810 2711 915 2786; x_wconf 69' lang='grc' dir='ltr'><strong><em>ποινὰς</em></strong></span> <span class='ocrx_word' id='word_1_198' title='bbox 939 2710 1182 2794; x_wconf 83' lang='grc' dir='ltr'><strong><em>α’μπλακημοίτων</em></strong></span> <span class='ocrx_word' id='word_1_199' title='bbox 1204 2717 1283 2777; x_wconf 91' lang='grc' dir='ltr'><strong><em>τίνω.</em></strong></span> 
     </span>
     <span class='ocr_line' id='line_1_25' title="bbox 207 2821 1283 2903; baseline -0.004 -19"><span class='ocrx_word' id='word_1_200' title='bbox 207 2823 425 2898; x_wconf 84' lang='lat' dir='ltr'><strong>Weckleinius‚</strong></span> <span class='ocrx_word' id='word_1_201' title='bbox 449 2844 537 2903; x_wconf 91' lang='lat' dir='ltr'><strong>quem</strong></span> <span class='ocrx_word' id='word_1_202' title='bbox 560 2828 677 2882; x_wconf 87' lang='lat' dir='ltr'><strong>secutus</strong></span> <span class='ocrx_word' id='word_1_203' title='bbox 701 2827 747 2881; x_wconf 89' lang='lat' dir='ltr'><strong>est</strong></span> <span class='ocrx_word' id='word_1_204' title='bbox 768 2823 990 2895; x_wconf 85' lang='lat' dir='ltr'><strong>Kirchhoffius,</strong></span> <span class='ocrx_word' id='word_1_205' title='bbox 1018 2821 1184 2899; x_wconf 82' lang='lat' dir='ltr'><strong>adsumpsit</strong></span> <span class='ocrx_word' id='word_1_206' title='bbox 1213 2841 1283 2881; x_wconf 91' lang='lat' dir='ltr'><strong>con·</strong></span> 
     </span>
     <span class='ocr_line' id='line_1_26' title="bbox 202 2923 1281 3003; baseline -0.003 -17"><span class='ocrx_word' id='word_1_207' title='bbox 202 2927 349 3002; x_wconf 86' lang='lat' dir='ltr'><strong>jecturam</strong></span> <span class='ocrx_word' id='word_1_208' title='bbox 364 2927 566 2987; x_wconf 79' lang='lat' dir='ltr'><strong>Stanleianam</strong></span> <span class='ocrx_word' id='word_1_209' title='bbox 588 2946 607 2984; x_wconf 97' lang='lat' dir='ltr'><strong>a</strong></span> <span class='ocrx_word' id='word_1_210' title='bbox 621 2925 763 2986; x_wconf 82' lang='lat' dir='ltr'><strong>Schiitzio</strong></span> <span class='ocrx_word' id='word_1_211' title='bbox 787 2926 1009 3003; x_wconf 80' lang='lat' dir='ltr'><strong>comprobatam</strong></span> <span class='ocrx_word' id='word_1_212' title='bbox 1031 2923 1192 2984; x_wconf 80' lang='grc' dir='ltr'><strong><em>τοιῶνδε</em></strong></span> <span class='ocrx_word' id='word_1_213' title='bbox 1215 2926 1281 2985; x_wconf 89' lang='lat' dir='ltr'><strong>coll.</strong></span> 
     </span>
     <span class='ocr_line' id='line_1_27' title="bbox 206 3020 1375 3110; baseline -0.003 -21"><span class='ocrx_word' id='word_1_214' title='bbox 206 3033 255 3090; x_wconf 90' lang='lat' dir='ltr'><strong>Pr.</strong></span> <span class='ocrx_word' id='word_1_215' title='bbox 281 3030 357 3090; x_wconf 85' lang='lat'>557:</span> <span class='ocrx_word' id='word_1_216' title='bbox 387 3029 467 3100; x_wconf 88' lang='grc' dir='ltr'><strong><em>τίνος</em></strong></span> <span class='ocrx_word' id='word_1_217' title='bbox 497 3020 664 3106; x_wconf 86' lang='grc' dir='ltr'><strong><em>α’μπλακίας</em></strong></span> <span class='ocrx_word' id='word_1_218' title='bbox 692 3021 800 3096; x_wconf 82' lang='grc' dir='ltr'><strong><em>ποινός</em></strong></span> <span class='ocrx_word' id='word_1_219' title='bbox 829 3020 917 3110; x_wconf 84' lang='grc' dir='ltr'><strong><em>ὀλίκη</em></strong></span> <span class='ocrx_word' id='word_1_220' title='bbox 947 3032 978 3086; x_wconf 91' lang='lat' dir='ltr'><strong>et</strong></span> <span class='ocrx_word' id='word_1_221' title='bbox 1008 3033 1084 3088; x_wconf 82' lang='lat'><strong>619:</strong></span> <span class='ocrx_word' id='word_1_222' title='bbox 1115 3020 1222 3096; x_wconf 80' lang='grc' dir='ltr'><strong><em>ποινσίς</em></strong></span> <span class='ocrx_word' id='word_1_223' title='bbox 1250 3023 1283 3086; x_wconf 77' lang='grc' dir='ltr'><strong>δὲ</strong></span> <span class='ocrx_word' id='word_1_224' title='bbox 1370 3032 1375 3049; x_wconf 84' lang='grc'><strong>’</strong></span> 
     </span>
     <span class='ocr_line' id='line_1_28' title="bbox 207 3123 1281 3209; baseline 0.001 -18"><span class='ocrx_word' id='word_1_225' title='bbox 207 3132 301 3192; x_wconf 90' lang='grc' dir='ltr'><strong><em>ποίων</em></strong></span> <span class='ocrx_word' id='word_1_226' title='bbox 331 3123 576 3209; x_wconf 85' lang='grc' dir='ltr'><strong><em>σίμπλακημότων</em></strong></span> <span class='ocrx_word' id='word_1_227' title='bbox 604 3129 701 3200; x_wconf 90' lang='grc' dir='ltr'><strong><em>τίνεις.</em></strong></span> <span class='ocrx_word' id='word_1_228' title='bbox 745 3135 787 3189; x_wconf 86' lang='lat' dir='ltr'><strong>At</strong></span> <span class='ocrx_word' id='word_1_229' title='bbox 816 3130 898 3190; x_wconf 90' lang='lat' dir='ltr'><strong>nulla</strong></span> <span class='ocrx_word' id='word_1_230' title='bbox 928 3151 1002 3208; x_wconf 90' lang='lat' dir='ltr'><strong>opus</strong></span> <span class='ocrx_word' id='word_1_231' title='bbox 1032 3137 1078 3191; x_wconf 91' lang='lat' dir='ltr'><strong>est</strong></span> <span class='ocrx_word' id='word_1_232' title='bbox 1106 3131 1281 3192; x_wconf 87' lang='lat' dir='ltr'><strong>mutatione.</strong></span> 
     </span>
     <span class='ocr_line' id='line_1_29' title="bbox 206 3227 1283 3312; baseline -0.002 -17"><span class='ocrx_word' id='word_1_233' title='bbox 206 3239 333 3296; x_wconf 88' lang='lat' dir='ltr'><strong>Prorsus</strong></span> <span class='ocrx_word' id='word_1_234' title='bbox 356 3238 436 3297; x_wconf 91' lang='lat' dir='ltr'><strong>enim</strong></span> <span class='ocrx_word' id='word_1_235' title='bbox 459 3238 561 3295; x_wconf 90' lang='lat' dir='ltr'><strong>eadem</strong></span> <span class='ocrx_word' id='word_1_236' title='bbox 582 3234 700 3295; x_wconf 88' lang='lat' dir='ltr'><strong>ratione</strong></span> <span class='ocrx_word' id='word_1_237' title='bbox 723 3232 836 3293; x_wconf 91' lang='lat' dir='ltr'><strong>dictum</strong></span> <span class='ocrx_word' id='word_1_238' title='bbox 858 3240 904 3293; x_wconf 88' lang='lat' dir='ltr'><strong>est</strong></span> <span class='ocrx_word' id='word_1_239' title='bbox 918 3235 971 3294; x_wconf 82' lang='lat' dir='ltr'><strong>ch.</strong></span> <span class='ocrx_word' id='word_1_240' title='bbox 987 3240 1043 3294; x_wconf 83' lang='lat'><strong>40:</strong></span> <span class='ocrx_word' id='word_1_241' title='bbox 1068 3227 1183 3293; x_wconf 84' lang='grc' dir='ltr'><strong><em>τοιόνδε</em></strong></span> <span class='ocrx_word' id='word_1_242' title='bbox 1197 3229 1283 3312; x_wconf 77' lang='grc' dir='ltr'><strong><em>χάριν</em></strong></span> 
     </span>
     <span class='ocr_line' id='line_1_30' title="bbox 206 3331 1281 3418; baseline 0 -21"><span class='ocrx_word' id='word_1_243' title='bbox 206 3331 345 3418; x_wconf 84' lang='grc' dir='ltr'><strong><em>ὀχόριτον</em></strong></span> <span class='ocrx_word' id='word_1_244' title='bbox 375 3332 550 3418; x_wconf 76' lang='grc' dir='ltr'><strong><em>ἀπότροπον</em></strong></span> <span class='ocrx_word' id='word_1_245' title='bbox 578 3340 697 3410; x_wconf 77' lang='grc' dir='ltr'><strong><em>κακῶν,</em></strong></span> <span class='ocrx_word' id='word_1_246' title='bbox 728 3357 908 3418; x_wconf 90' lang='lat' dir='ltr'><strong>quamquam</strong></span> <span class='ocrx_word' id='word_1_247' title='bbox 936 3357 974 3396; x_wconf 90' lang='lat' dir='ltr'><strong>ne</strong></span> <span class='ocrx_word' id='word_1_248' title='bbox 1002 3357 1036 3396; x_wconf 92' lang='lat' dir='ltr'><strong>eo</strong></span> <span class='ocrx_word' id='word_1_249' title='bbox 1068 3337 1187 3416; x_wconf 87' lang='lat' dir='ltr'><strong>quidem</strong></span> <span class='ocrx_word' id='word_1_250' title='bbox 1215 3338 1281 3397; x_wconf 92' lang='lat' dir='ltr'><strong>loco</strong></span> 
     </span>
     <span class='ocr_line' id='line_1_31' title="bbox 206 3440 1282 3521; baseline 0.001 -21"><span class='ocrx_word' id='word_1_251' title='bbox 206 3442 316 3500; x_wconf 85' lang='lat' dir='ltr'><strong>codicis</strong></span> <span class='ocrx_word' id='word_1_252' title='bbox 339 3446 518 3521; x_wconf 87' lang='lat' dir='ltr'><strong>scripturam</strong></span> <span class='ocrx_word' id='word_1_253' title='bbox 532 3442 719 3502; x_wconf 86' lang='lat' dir='ltr'><strong>retinendam</strong></span> <span class='ocrx_word' id='word_1_254' title='bbox 735 3462 799 3500; x_wconf 86' lang='lat' dir='ltr'><strong>esse</strong></span> <span class='ocrx_word' id='word_1_255' title='bbox 815 3441 872 3500; x_wconf 89' lang='lat' dir='ltr'><strong>sibi</strong></span> <span class='ocrx_word' id='word_1_256' title='bbox 895 3447 1108 3519; x_wconf 80' lang='lat' dir='ltr'><strong>persuaserunt</strong></span> <span class='ocrx_word' id='word_1_257' title='bbox 1122 3440 1282 3501; x_wconf 83' lang='lat' dir='ltr'><strong>Schiitaius</strong></span> 
     </span>
     <span class='ocr_line' id='line_1_32' title="bbox 206 3542 1281 3624; baseline 0.002 -22"><span class='ocrx_word' id='word_1_258' title='bbox 206 3543 355 3622; x_wconf 77' lang='grc' dir='ltr'><strong><em>(τοιῶνδε)</em></strong></span> <span class='ocrx_word' id='word_1_259' title='bbox 378 3551 408 3605; x_wconf 88' lang='lat' dir='ltr'><strong>et</strong></span> <span class='ocrx_word' id='word_1_260' title='bbox 423 3545 549 3606; x_wconf 88' lang='lat' dir='ltr'><strong>Bothius</strong></span> <span class='ocrx_word' id='word_1_261' title='bbox 571 3543 699 3624; x_wconf 79' lang='grc' dir='ltr'><strong><em>(τῶνδε).</em></strong></span> <span class='ocrx_word' id='word_1_262' title='bbox 720 3576 757 3585; x_wconf 93' lang='grc'>-</span> <span class='ocrx_word' id='word_1_263' title='bbox 781 3544 856 3603; x_wconf 83' lang='lat' dir='ltr'><strong>Mihi</strong></span> <span class='ocrx_word' id='word_1_264' title='bbox 881 3543 1001 3622; x_wconf 89' lang='lat' dir='ltr'><strong>quidem</strong></span> <span class='ocrx_word' id='word_1_265' title='bbox 1022 3542 1098 3603; x_wconf 92' lang='lat' dir='ltr'><strong>illud</strong></span> <span class='ocrx_word' id='word_1_266' title='bbox 1119 3546 1202 3604; x_wconf 86' lang='lat' dir='ltr'><strong>Pers.</strong></span> <span class='ocrx_word' id='word_1_267' title='bbox 1219 3551 1281 3605; x_wconf 83' lang='lat'><strong>604</strong></span> 
     </span>
     <span class='ocr_line' id='line_1_33' title="bbox 206 3641 1282 3727; baseline 0.001 -20"><span class='ocrx_word' id='word_1_268' title='bbox 206 3653 236 3707; x_wconf 92' lang='lat' dir='ltr'><strong>et</strong></span> <span class='ocrx_word' id='word_1_269' title='bbox 264 3650 323 3707; x_wconf 93' lang='lat' dir='ltr'><strong>hoc</strong></span> <span class='ocrx_word' id='word_1_270' title='bbox 344 3650 397 3710; x_wconf 82' lang='lat' dir='ltr'><strong>Oh</strong></span> <span class='ocrx_word' id='word_1_271' title='bbox 423 3656 462 3709; x_wconf 87' lang='lat'><strong>40</strong></span> <span class='ocrx_word' id='word_1_272' title='bbox 484 3648 629 3720; x_wconf 89' lang='lat' dir='ltr'><strong>intuenti,</strong></span> <span class='ocrx_word' id='word_1_273' title='bbox 661 3648 733 3727; x_wconf 90' lang='lat' dir='ltr'><strong>quin</strong></span> <span class='ocrx_word' id='word_1_274' title='bbox 755 3641 873 3706; x_wconf 79' lang='grc' dir='ltr'><strong><em>τοιόσδε</em></strong></span> <span class='ocrx_word' id='word_1_275' title='bbox 895 3665 968 3706; x_wconf 89' lang='lat' dir='ltr'><strong>vera</strong></span> <span class='ocrx_word' id='word_1_276' title='bbox 995 3646 1033 3705; x_wconf 84' lang='lat' dir='ltr'><strong>sit</strong></span> <span class='ocrx_word' id='word_1_277' title='bbox 1061 3647 1166 3723; x_wconf 87' lang='lat' dir='ltr'><strong>lectio,</strong></span> <span class='ocrx_word' id='word_1_278' title='bbox 1196 3654 1282 3709; x_wconf 87' lang='lat' dir='ltr'><strong>extra</strong></span> 
     </span>
     <span class='ocr_line' id='line_1_34' title="bbox 206 3750 1047 3826; baseline -0.002 -16"><span class='ocrx_word' id='word_1_279' title='bbox 206 3771 323 3810; x_wconf 88' lang='lat' dir='ltr'><strong>omnem</strong></span> <span class='ocrx_word' id='word_1_280' title='bbox 345 3752 441 3812; x_wconf 88' lang='lat' dir='ltr'><strong>aleam</strong></span> <span class='ocrx_word' id='word_1_281' title='bbox 463 3751 659 3811; x_wconf 85' lang='lat' dir='ltr'><strong>dubitationis</strong></span> <span class='ocrx_word' id='word_1_282' title='bbox 681 3750 801 3810; x_wconf 88' lang='lat' dir='ltr'><strong>videtur</strong></span> <span class='ocrx_word' id='word_1_283' title='bbox 823 3771 887 3809; x_wconf 83' lang='lat' dir='ltr'><strong>esse</strong></span> <span class='ocrx_word' id='word_1_284' title='bbox 909 3751 1047 3826; x_wconf 88' lang='lat' dir='ltr'><strong>positum.</strong></span> 
     </span>
    </p>

    <p class='ocr_par' dir='ltr' id='par_1_6' title="bbox 204 3853 1282 4140">
     <span class='ocr_line' id='line_1_35' title="bbox 288 3853 1278 3932; baseline 0.002 -20"><span class='ocrx_word' id='word_1_285' title='bbox 288 3856 442 3914; x_wconf 87' lang='lat' dir='ltr'><strong>Postremo</strong></span> <span class='ocrx_word' id='word_1_286' title='bbox 472 3854 652 3930; x_wconf 88' lang='lat' dir='ltr'><strong>adjectivum</strong></span> <span class='ocrx_word' id='word_1_287' title='bbox 674 3853 748 3923; x_wconf 79' lang='grc' dir='ltr'><strong><em>πᾶς,</em></strong></span> <span class='ocrx_word' id='word_1_288' title='bbox 780 3853 835 3912; x_wconf 85' lang='lat' dir='ltr'><strong>etsi</strong></span> <span class='ocrx_word' id='word_1_289' title='bbox 866 3853 937 3912; x_wconf 93' lang='lat' dir='ltr'><strong>huic</strong></span> <span class='ocrx_word' id='word_1_290' title='bbox 967 3853 1063 3912; x_wconf 88' lang='lat' dir='ltr'><strong>ordini</strong></span> <span class='ocrx_word' id='word_1_291' title='bbox 1093 3874 1154 3913; x_wconf 92' lang='lat' dir='ltr'><strong>non</strong></span> <span class='ocrx_word' id='word_1_292' title='bbox 1176 3861 1278 3932; x_wconf 87' lang='lat' dir='ltr'><strong>potest</strong></span> 
     </span>
     <span class='ocr_line' id='line_1_36' title="bbox 205 3947 1282 4036; baseline -0.005 -21"><span class='ocrx_word' id='word_1_293' title='bbox 205 3959 361 4035; x_wconf 84' lang='lat' dir='ltr'><strong>subjungi,</strong></span> <span class='ocrx_word' id='word_1_294' title='bbox 390 3958 563 4016; x_wconf 87' lang='lat' dir='ltr'><strong>nominetur</strong></span> <span class='ocrx_word' id='word_1_295' title='bbox 585 3958 633 4016; x_wconf 88' lang='lat' dir='ltr'><strong>Pr.</strong></span> <span class='ocrx_word' id='word_1_296' title='bbox 659 3961 736 4015; x_wconf 82' lang='lat'>821:</span> <span class='ocrx_word' id='word_1_297' title='bbox 766 3947 804 4014; x_wconf 86' lang='grc' dir='ltr'><strong><em>τό</em></strong></span> <span class='ocrx_word' id='word_1_298' title='bbox 829 3958 902 4014; x_wconf 83' lang='grc' dir='ltr'><strong>πᾶν</strong></span> <span class='ocrx_word' id='word_1_299' title='bbox 924 3954 1047 4034; x_wconf 87' lang='grc' dir='ltr'><strong><em>πορείας</em></strong></span> <span class='ocrx_word' id='word_1_300' title='bbox 1069 3990 1109 4002; x_wconf 89' lang='grc'><strong>-</strong></span> <span class='ocrx_word' id='word_1_301' title='bbox 1132 3953 1223 4036; x_wconf 78' lang='grc' dir='ltr'><strong><em>τέρμα</em></strong></span> <span class='ocrx_word' id='word_1_302' title='bbox 1238 3985 1282 4010; x_wconf 89' lang='lat'><strong>==</strong></span> 
     </span>
     <span class='ocr_line' id='line_1_37' title="bbox 204 4054 622 4140; baseline 0.002 -22"><span class='ocrx_word' id='word_1_303' title='bbox 204 4054 237 4119; x_wconf 88' lang='grc' dir='ltr'><strong><em>τό</em></strong></span> <span class='ocrx_word' id='word_1_304' title='bbox 261 4056 358 4138; x_wconf 84' lang='grc' dir='ltr'><strong><em>πόσης</em></strong></span> <span class='ocrx_word' id='word_1_305' title='bbox 380 4059 501 4140; x_wconf 87' lang='grc' dir='ltr'><strong><em>πορείας</em></strong></span> <span class='ocrx_word' id='word_1_306' title='bbox 523 4056 622 4138; x_wconf 79' lang='grc' dir='ltr'><strong><em>τέρμα.</em></strong></span> 
     </span>
    </p>
   </div>
   <div class='ocr_carea' id='block_1_5' title="bbox 641 4232 843 4240">
    <p class='ocr_par' dir='ltr' id='par_1_7' title="bbox 641 4232 843 4240">
     <span class='ocr_line' id='line_1_38' title="bbox 641 4232 843 4240; baseline 0 -1"><span class='ocrx_word' id='word_1_307' title='bbox 641 4232 843 4240; x_wconf 61' lang='lat' dir='ltr'><strong>—a-</strong></span> 
     </span>
    </p>
   </div>
   <div class='ocr_carea' id='block_1_6' title="bbox 0 0 1430 4590">
    <p class='ocr_par' dir='ltr' id='par_1_8' title="bbox 0 0 1430 4590">
     <span class='ocr_line' id='line_1_39' title="bbox 0 0 1430 4590; baseline 0 2"><span class='ocrx_word' id='word_1_308' title='bbox 0 0 1430 4590; x_wconf 95' lang='lat' dir='ltr'><strong> </strong></span> 
     </span>
    </p>
   </div>
  </div>
 </body>
</html>
