2850 4590
574 295 786 362 ..95-

142 455 197 515 011.
213 460 291 514 2251
320 449 407 513 ἔνδον
427 454 531 533 γενοῦ,
554 454 630 536 χαρᾷ
653 448 684 512 δέ
706 445 747 529 μὴ
766 448 894 535 ’πλαγγῖς
915 447 1043 531 φρένας,
1074 473 1163 535 quam
1184 455 1222 514 ad

142 559 303 617 formulam
319 558 553 617 collustrandum
571 558 722 635 permulto
744 555 895 632 nongeseit
916 558 1056 636 exempla
1070 558 1221 619 Blomfiel-

142 661 198 720 dus
223 660 256 719 in
284 661 374 735 gloss.
406 661 444 719 ad
466 660 645 720 011.ο.11.1.
689 658 839 738 Equidem
868 663 938 736 epte
963 659 1065 735 judico
1089 660 1220 720 eonferri

142 763 351 823 Eur.Herool.
369 763 448 822 7091
470 761 497 821 τί
525 762 623 839 χρῆμα
646 758 756 836 μέλλεις
785 763 847 820 σῶν
869 764 1026 840 φρενῶν
1056 755 1114 821 οὐκ
1137 759 1222 821 ἔνδον

143 858 185 925 ῶν
204 863 209 945 1
229 866 325 924 λιπεῖν
352 858 385 939 μ’
417 861 527 941 ἔρημον
556 858 610 934 ξόν
632 860 759 922 τέκνοισι
789 866 851 933 τοῖς
881 860 979 938 έμοῖς;
1014 869 1115 924 exstet
1142 865 1222 925 enim

140 969 206 1027 loeo
228 969 287 1029 hoo
308 988 371 1029 vox
391 967 446 1027 illo
471 967 589 1044 φρενῶν
611 968 648 1026 ab
670 967 823 1044 Aesohylo
847 965 966 1026 omissa.

229 1065 410 1141 ἔνδοθεν,
434 1071 515 1149 quod
537 1074 569 1130 et
590 1068 722 1149 quietem
745 1073 777 1129 et
797 1073 913 1129 motum
936 1070 1016 1147 opud
1036 1071 1222 1149 Aeschylum

143 1173 308 1248 signifieat,
342 1175 435 1233 semel
461 1172 619 1234 invenitur
641 1177 845 1232 constructum
874 1192 941 1232 oum
970 1172 1111 1247 genetivo
1138 1175 1222 1235 Pers.

144 1276 222 1335 9871
255 1274 313 1358 βοᾷ
342 1274 405 1358 βοᾷ
433 1272 543 1350 μελέων
573 1272 700 1334 ἔνδοθεν
729 1262 810 1351 ἦτορ.
833 1271 1041 1345 -ἔνδοθεν,
1071 1296 1148 1355 quae
1178 1281 1224 1336 eet

144 1378 294 1457 seriptum
316 1378 426 1439 oodiois
449 1377 595 1453 Medicei,
618 1379 811 1438 Hermannus
833 1378 1077 1437 ο1ΒΙοι1111ο1δυο
1098 1383 1223 1457 propter

143 1486 273 1541 metrum
295 1485 492 1543 mutaverunt
511 1480 545 1540 in
567 1478 723 1553 ἔντοσθεν,
754 1500 830 1560 quae
857 1484 959 1540 temen
980 1480 1078 1539 forma
1103 1486 1140 1541 ut
1161 1503 1222 1542 om·

142 1584 216 1644 nino
239 1589 285 1644 est
306 1585 406 1644 alieno
428 1587 464 1645 eb
487 1583 659 1645 Atticorum
681 1603 819 1644 sermone
842 1580 892 1659 (of.
910 1583 1022 1643 Ottom.
1038 1585 1221 1645 Boehmenn.

143 1688 389 1764 Gonjeoturnrum
411 1687 716 1767 observationumque
742 1685 1035 1763 Aristophnnearum
1056 1721 1097 1730 —
1122 1687 1223 1766 Speci-

143 1791 244 1849 menI
265 1825 308 1834 -
329 1790 410 1850 Dies.
425 1789 527 1865 inaug.
552 1788 687 1864 Gotting.
705 1788 797 1848 1878.
820 1808 850 1865 p.
867 1786 931 1865 99.)
953 1787 998 1847 ito
1019 1809 1058 1848 ne
1073 1809 1133 1849 uno
1156 1791 1222 1871 qui·
1278 1834 1282 1842 -

143 1892 210 1950 dem
232 1893 297 1953 1οοο
322 1892 442 1955 obviem
463 1893 499 1952 fit
521 1893 602 1971 opud
623 1893 819 1970 Aeschylum.
842 1924 884 1934 -
1207 1957 1209 1961 ¹

228 1998 375 2055 Absolute
398 1994 511 2055 dieitur
531 1995 613 2073 Sept.
632 1995 708 2054 1771
731 1985 817 2053 αὐτοὶ
841 1988 871 2053 δ’
899 1985 953 2068 ὑφ’
981 1985 1080 2053 αότῶν
1096 1992 1222 2056 ἔνδοθεν

142 2091 364 2176 πορθούμεθα,
394 2097 448 2159 ubi
477 2097 640 2176 opponitur
668 2096 737 2158 vooi
766 2090 916 2176 θύραθεν.
961 2097 1016 2156 011.
1034 2103 1109 2158 8231
1139 2095 1221 2160 ἔνδο-

143 2206 198 2259 θεν
217 2197 222 2282 Ι
243 2199 364 2274 φοινίαν
386 2192 462 2258 όταν
485 2199 588 2268 τιθείς.

228 2296 344 2374 έντός
366 2304 544 2383 plerumque
564 2301 703 2379 jungitur
730 2321 797 2362 oum
819 2303 961 2378 genetivo
982 2306 1040 2379 Ag.
1059 2308 1156 2364 1001:
1179 2302 1222 2364 έν·

143 2399 194 2476 τός
223 2402 252 2464 δ’
287 2399 324 2464 δέν
356 2393 432 2465 οὖσα
455 2404 610 2485 μορσίμων
632 2398 836 2483 ἀγρευμάτων.
881 2407 935 2466 eh.
953 2407 1030 2466 7191
1064 2401 1139 2485 πρός
1168 2403 1222 2483 μέν

145 2504 260 2579 οἰκέτας
279 2514 284 2586 Ι
304 2507 376 2568 θέτο
400 2509 594 2587 σκυθρωπῶν
624 2500 708 2576 ἔντός
729 2499 870 2583 όμμάτων
892 2505 990 2588 γέλων.
1035 2512 1122 2571 Eum.
1143 2512 1221 2572 5971

143 2612 211 2681 πῶς
231 2606 287 2692 γιίρ
310 2603 341 2669 σ’
363 2608 496 2691 ἔθρεψεν
518 2604 611 2682 ἔυτός,
636 2599 660 2668 oi
680 2604 838 2687 μιαιφόνε,
861 2606 963 2688 ζῶνης.
1009 2612 1126 2678 Quibus
1147 2615 1222 2675 loeis

145 2733 237 2792 quum
266 2719 467 2791 anteponatur
494 2714 654 2790 genetivo,
685 2713 880 2794 postponitur
900 2719 958 2791 Ag.
976 2715 1033 2775 771
1066 2710 1085 2776 δ’
1113 2737 1143 2776 τε
1164 2710 1221 2797 γόρ

145 2808 251 2893 νεαρός
267 2811 373 2893 μυελός
387 2812 517 2895 στέρνων
536 2815 541 2896 Ι
557 2810 645 2886 ,ἐντός
662 2810 802 2902 οἷνρίσσων
820 2815 825 2899 Ι
846 2811 1034 2896 ἰσόπρεσβυς.
1078 2820 1149 2880 Sine
1171 2841 1222 2896 ge·

144 2919 248 2982 netivo
269 2919 383 2980 dieitur
404 2921 485 2998 Sept.
502 2925 579 2979 9461
604 2913 688 2990 ἐντός
710 2916 742 2979 δέ
764 2920 873 2999 καρδία
894 2918 994 2980 στένει.

231 3021 316 3083 είσω
340 3029 378 3083 et
399 3019 468 3082 ἔσω
492 3023 592 3099 (Loei,
616 3023 725 3102 quibus
748 3021 816 3084 ἔσω
839 3025 974 3085 cernitur
993 3026 1104 3100 forme,
1126 3027 1222 3086 altero

143 3131 228 3187 tanto
252 3132 322 3187 sunt
343 3128 447 3205 plures
476 3146 565 3206 quem
594 3125 748 3206 iiquibus
771 3124 840 3186 είσω
863 3128 1009 3207 apparet).
1054 3129 1222 3208 Phryniehi

144 3231 203 3306 (od.
226 3232 300 3291 Lob.
323 3251 352 3308 p.
371 3227 446 3306 127)
475 3234 684 3307 μτοοοομ1υω1
715 3227 824 3303 ,ἔνδον
854 3213 1026 3308 εἰσέρχομαι,
1055 3225 1221 3311 βόρβορον.

143 3329 232 3391 ἔνδον
254 3326 310 3412 γόρ
328 3315 405 3406 ἔστί,
428 3329 479 3393 καὶ
496 3329 584 3392 ἔνδον
604 3329 673 3408 εἰμί,
692 3327 832 3409 δόκιμον.
877 3335 935 3393 Δεῖ
951 3321 1007 3394 οὖν
1029 3332 1099 3395 είσω
1113 3332 1222 3415 παρέρ-

143 3456 230 3512 χομαι
252 3431 357 3516 λέγειν.
401 3434 492 3496 εἰσω
520 3430 559 3494 δὲ
583 3434 789 3512 διατρίβω,
821 3428 890 3496 ουίι
920 3435 1032 3517 ἐρεῖς,
1063 3430 1140 3496 ἀλλ’
1161 3436 1221 3498 ἔν·

144 3537 212 3598 δον
235 3537 448 3618 διατρίβω“
478 3560 539 3600 non
566 3540 714 3620 quadrare
744 3541 781 3599 αδ
803 3541 950 3620 Aesohyli
978 3561 1066 3601 usum
1093 3542 1220 3605 videbis.

144 3642 219 3702 011ο1
241 3642 384 3718 genetivo
406 3643 490 3705 enim
509 3642 555 3703 ito
576 3647 694 3703 tentum
712 3642 867 3721 jungitur,
888 3649 924 3704 ut
945 3644 1079 3725 quietem
1099 3645 1133 3704 in
1154 3648 1220 3706 looo

145 3745 311 3821 significet:
340 3746 422 3824 Sept.
441 3752 521 3806 2141
554 3743 651 3822 μένειν
674 3743 743 3805 είσω
767 3740 876 3823 δόμων.
918 3747 960 3809 ib.
982 3753 1057 3808 540:
1089 3750 1222 3828 γλῶσσαν

146 3844 298 3928 ἔργμόπων
313 3841 381 3927 ι’ίιερ
400 3846 406 3930 1
426 3848 485 3909 ἔσω
501 3851 604 3908 πυλῶν
618 3845 745 3926 ῥέουσαν
761 3842 909 3909 οἰλδαίνειν
923 3844 1011 3910 nonu.
1051 3855 1109 3927 Ag.
1126 3857 1220 3913 1005:

145 3948 204 4010 ἔσω
227 3952 346 4029 φρενῶν
367 3948 491 4030 λέγουσα
513 3951 612 4012 πείθω
634 3974 681 4011 νιν
702 3945 790 4035 λόγῳ.
835 3953 892 4028 frg.
911 3956 988 4012 1281
1011 3951 1080 4012 εέσω
1098 3956 1218 4030 κλισίας.

145 4055 200 4114 011.
218 4054 295 4129 770,
317 4055 371 4115 ubi
393 4057 435 4114 Μ.
458 4059 599 4134 praebet:
623 4057 682 4114 τῶν
704 4052 760 4114 ἔσω
773 4049 934 4134 μελάθρων
957 4042 980 4115 oi
1002 4057 1051 4128 ζεῦ
1073 4054 1136 4129 θές.
1159 4082 1220 4121 non

144 4158 245 4218 minue
272 4157 424 4218 sententie
451 4159 543 4238 (conf.
572 4160 640 4220 adn.
664 4160 768 4220 Herm.
790 4161 837 4220 od.
859 4160 890 4220 h.
912 4159 948 4238 1.)
975 4181 1065 4241 quom
1091 4169 1220 4224 metrum
