2850 4590
633 254 845 322 ..5ss-

202 416 411 487 Hermannus,
433 415 470 474 fit
490 413 584 489 magis
603 413 779 492 perspieuus
803 418 835 473 et
852 410 997 490 apertior:
1020 410 1097 492 τομῇ
1113 412 1281 484 προσθεῖσα

203 514 314 592 σκέψαι
342 511 507 596 βόστρυχον
535 509 665 594 τριχός
687 551 729 562 -
760 518 902 591 σαυτῆς
924 507 1086 589 ἀδελφοῦ
1109 507 1280 590 συμμέτρου

203 622 245 702 τῷ
268 621 310 702 σῷ
333 613 421 703 κόρᾳ.
444 654 486 664 -
505 621 544 698 ,2)
567 621 653 680 Eum.
672 620 749 679 570:
772 616 868 678 αἰτίαν
891 611 921 676 δ’
942 614 997 694 ἔχω
1017 614 1022 699 Ι
1041 619 1095 693 τῆς
1117 614 1204 674 τοῦδε
1227 637 1280 692 μη·

204 716 273 800 τρός
295 725 350 782 τοῦ
373 714 480 798 φόνου.
524 724 661 803 Utroque
682 713 749 783 loeo
772 723 928 798 genetivos
953 742 1017 781 esse
1040 740 1142 781 omnes
1165 740 1281 798 posses-

205 827 286 889 sivoe
309 826 456 888 videmus.
479 861 520 872 —
542 826 654 905 Aptior
677 826 767 887 etiam
789 829 872 888 loeus
901 827 939 885 ad
961 824 1209 885 considerandum
1237 828 1283 882 est

148 964 153 973 ·
203 930 258 989 Oh.
276 935 350 989 935:
384 923 577 988 δεσποσύνων
600 922 724 1004 δόμων
744 925 749 1011 Ι
768 922 929 1008 ἄναφυγδς
951 928 1079 988 κακῶν
1101 922 1150 984 καὶ
1174 945 1281 983 κτεα-

204 1033 276 1091 νων
305 1031 446 1108 τριβᾶς
473 1023 533 1091 dut
557 1030 643 1091 δυοῖν
666 1025 853 1111 μιαστόροτν;
884 1055 951 1108 gen.
975 1034 1065 1109 subj.
1090 1021 1282 1089 δεσποσύνων

204 1129 307 1210 δόμων
337 1157 431 1216 aeque
454 1141 543 1216 atque
572 1139 644 1214 obj.
668 1134 788 1212 τριβᾶς,
821 1138 901 1197 unde
929 1136 1054 1213 insuper
1075 1134 1188 1212 pendet
1209 1134 1280 1206 obj.

205 1230 355 1309 κτεάνων,
377 1240 551 1299 referuntur
573 1240 611 1299 nd
631 1260 741 1301 nomen
763 1232 931 1318 ἆναφυγός.

709 1427 780 1506 §a

410 1548 464 1608 De
494 1547 787 1625 adjectivorum
817 1546 1073 1624 trajectione.

291 1684 502 1745 Lobeokius
524 1685 575 1763 (ed
590 1684 639 1744 Ai.
663 1706 693 1744 ν.
711 1684 742 1759 7)
765 1677 840 1744 haee
859 1687 965 1746 habet:
988 1683 1116 1763 „quibus
1138 1685 1213 1743 haee
1234 1705 1283 1742 rea

205 1792 328 1863 regotur
349 1787 476 1862 finibus,
498 1809 586 1847 nemo
602 1788 728 1848 tradidit
749 1809 847 1867 neque
867 1788 950 1847 diotu
972 1787 1060 1847 facile
1084 1791 1138 1847 est.
1161 1823 1203 1829 -
1225 1789 1285 1845 Per

206 1911 281 1970 quos
303 1891 412 1964 gradus
434 1913 451 1950 a
465 1890 584 1950 lenibus
600 1889 759 1968 principiis
781 1892 841 1951 huo
862 1911 956 1970 usque
971 1895 1116 1969 proveeta
1132 1890 1172 1948 sit
1186 1894 1283 1948 trans-

206 1993 323 2052 ferendi
345 1993 470 2053 audacia
492 1998 523 2052 et
545 1993 618 2072 quid
640 1993 734 2053 fuerit
756 1993 937 2055 audentibus
960 1998 1142 2066 extremum,
1166 1991 1284 2072 quaeri·

205 2118 272 2156 mus
294 2096 459 2169 ineassum,
491 2118 529 2156 ne
561 2094 696 2156 eodioum
719 2096 839 2175 quidem
862 2096 1092 2156 auetoritatibus
1121 2096 1193 2155 satis
1216 2116 1285 2156 oon·

205 2198 254 2257 fisi
283 2198 335 2278 qui
364 2198 445 2258 inter
473 2220 504 2258 se
527 2219 671 2277 persaepe
694 2199 895 2277 discrepant.“
926 2234 967 2242 —
999 2199 1072 2273 His,
1107 2219 1184 2278 quae
1206 2198 1286 2258 dixit

207 2301 256 2363 vir
279 2323 427 2375 summus,
462 2302 536 2382 quin
558 2302 700 2363 universe
734 2301 900 2376 adsentiar,
934 2304 1033 2362 faeere
1064 2324 1124 2362 non
1155 2323 1285 2379 possum.

207 2407 321 2464 Verum
344 2405 424 2464 enim
447 2425 519 2466 vero
542 2426 580 2464 ne
601 2404 635 2464 in
656 2407 715 2466 hoo
730 2405 850 2485 quidem
866 2405 985 2465 dieendi
1007 2427 1117 2481 genus,
1139 2405 1206 2464 dieo
1223 2404 1285 2482 epi-

208 2494 361 2568 thelorum
379 2507 603 2586 trajeetionem,
626 2510 706 2588 quod
734 2508 893 2588 quisquam
916 2508 1093 2583 singillatim
1115 2507 1285 2588 inquisivit,

209 2632 297 2672 eausa
312 2623 367 2684 est,
390 2631 443 2670 our
457 2616 566 2672 natura
579 2611 663 2671 illius
684 2616 715 2671 et
728 2633 799 2670 usus
816 2613 1031 2692 quodammodo
1047 2611 1154 2671 orassis
1170 2613 1287 2672 oeeulta

209 2720 240 2774 et
261 2715 441 2776 circumfusa
462 2715 587 2776 latebris
610 2703 708 2775 adhue
729 2716 853 2775 lateant.
897 2714 1084 2799 conseripsit
1106 2736 1176 2774 sane
1200 2715 1234 2775 G.
1249 2716 1285 2774 R.

209 2818 353 2878 Sehmidt.
376 2817 671 2879 dissertatiunculam
693 2820 749 2892 „de
765 2818 894 2896 epitheti
916 2818 948 2877 in
964 2817 1135 2897 periphrasi
1150 2822 1286 2879 substan·

209 2921 342 2983 tivorum
372 2920 569 2999 trajeetione“
593 2924 699 2996 Progr.
728 2943 830 3000 gymn.
860 2922 947 2997 Terg.
974 2926 1064 2982 1849.
1110 2923 1167 2981 Sed
1194 2942 1286 3001 quum

207 3024 234 3083 is
257 3044 320 3083 rem
343 3045 403 3083 non
433 3029 495 3084 tam
518 3025 656 3086 absolvat
678 3045 767 3104 quem
789 3025 902 3085 leviter
923 3025 1108 3103 perstringat
1134 3030 1224 3104 atque
1247 3026 1286 3083 si-

209 3127 345 3202 gnifieet,
368 3126 492 3186 minime
513 3126 590 3185 mihi
613 3148 689 3207 quae
710 3129 763 3188 dat
781 3127 978 3188 satisfaciunt.
1023 3129 1109 3187 Adde
1132 3130 1212 3207 quod
1234 3129 1286 3187 So-

209 3230 348 3309 phoolem
376 3232 440 3291 fere
468 3232 564 3290 solum
586 3230 719 3309 respioit.
753 3266 795 3277 -
827 3231 914 3297 Quod
937 3252 1029 3312 quum
1054 3232 1097 3290 ita
1120 3230 1176 3305 sit,
1205 3234 1287 3291 haud

209 3334 342 3395 alienum
366 3355 430 3394 esee
453 3334 616 3395 arbitratus
640 3334 808 3412 explicare,
842 3356 919 3415 quae
941 3335 1112 3413 Aesehylea
1141 3334 1181 3394 sit
1208 3334 1286 3394 ratio

210 3437 359 3515 adjectiva
380 3437 557 3517 traiciendi,
581 3440 721 3516 exempla
743 3445 883 3515 congesta
904 3458 1049 3517 propono.

728 3613 766 3670 A.

294 3712 397 3790 Ipsius
412 3712 563 3790 (genuini)
578 3713 713 3788 genetivi
728 3718 837 3773 natura
852 3711 1095 3793 quandoquidem
1118 3733 1153 3772 ea
1176 3720 1229 3787 est,
1251 3720 1287 3774 ut

210 3837 335 3889 nomen,
373 3836 500 3896 quooum
529 3815 583 3875 ille
614 3820 790 3894 eonjunetue
821 3821 882 3890 est,
915 3815 1087 3875 distinctius
1116 3817 1286 3893 definiatur,

211 3941 321 3981 nomen
351 3925 382 3980 et
402 3919 578 3995 genetivum
608 3941 662 3998 pro
686 3920 816 3999 simplioi
845 3925 935 3999 atque
963 3941 1023 3979 una
1045 3919 1168 3980 notione
1191 3922 1287 4000 aooipi

212 4045 299 4101 posse
321 4043 413 4103 quum
434 4043 489 4101 per
511 4043 542 4083 se
565 4028 667 4102 pateat
687 4028 752 4083 tum
784 4045 839 4098 ego
861 4043 1086 4102 nonnumquam
1107 4024 1218 4085 leviter
1247 4024 1286 4084 si·

212 4127 355 4201 gnifioavi
376 4128 447 4188 data
468 4125 623 4188 oooasione
644 4126 677 4186 in
698 4129 789 4205 hujus
810 4125 909 4190 libelli
930 4126 1113 4205 prolusione.
