2850 4590
577 321 789 387 ..47-

147 476 233 534 Eum.
252 480 286 534 1:
318 473 558 555 πρῶτονμὲν
580 471 651 561 εὐχῇ
673 477 743 562 τῇδε
765 471 920 556 πρεσβεύω
943 479 1025 537 θεῶν
1044 479 1048 547 Ι
1068 473 1121 556 τήν
1143 500 1223 559 πρω-

146 571 288 652 τόμαντιν
304 580 407 637 Γαῖαν.
432 615 472 624 -
496 573 617 652 μόνος.
662 584 745 641 Pers.
763 587 838 640 630:
862 575 955 657 μόνος
977 575 1014 639 div
1028 584 1150 659 θνητῶν
1172 578 1223 642 πέ-

145 701 200 756 ρας
223 678 308 740 είποι.
354 685 441 743 Eum.
460 688 537 744 813:
561 678 638 759 μόνη
660 686 752 741 θεῶν.
796 685 853 759 frg.
874 689 942 757 156,
969 689 1003 744 1:
1026 678 1119 761 μόνος
1139 687 1223 745 θεῶν

145 775 200 861 γάρ
219 777 355 855 Θάνατος
370 780 406 844 οὐ
424 780 530 864 δῶρων
553 783 617 869 ἐρᾷ.
634 821 675 830 -
700 787 770 846 Vim
792 787 990 864 comparativi
1012 788 1105 847 habet
1120 808 1223 867 super-

144 885 258 947 lativus
279 889 361 947 Pars.
382 894 456 947 184:
486 886 604 967 μεγέθει
629 909 659 947 τε
689 891 761 947 τῶν
791 891 858 947 νῶν
888 887 1107 966 ἐκπρεπεστάτα
1136 883 1221 949 πολύ.

87 1035 89 1040 .
144 990 231 1049 Eum.
249 995 305 1050 31:
328 987 379 1049 καὶ
398 992 454 1049 νῦν
471 995 567 1068 τυχεῖν
582 1011 617 1067 με
633 993 707 1051 τῶν
723 987 814 1066 πρὶν
832 985 991 1051 εἰσόδων
1010 995 1115 1075 μακρῷ
1134 997 1138 1072 Ι
1160 987 1222 1071 dos-

145 1107 199 1149 στα
221 1089 333 1151 δοῖεν.“

230 1197 294 1254 Aut
316 1195 474 1256 dicendum
505 1202 583 1256 erat:
614 1198 674 1254 τῶν
696 1193 767 1273 πρὶν
790 1189 913 1255 εἰσόδων
935 1190 1044 1272 άμείνω
1068 1197 1147 1256 δοῖεν
1170 1204 1223 1258 aut

145 1298 250 1355 πασῶν
272 1291 398 1357 εἰσόδων
417 1292 521 1377 άριστα
541 1299 629 1359 δοῖεν.
675 1300 712 1358 cf.
736 1301 839 1359 Herm.
863 1300 901 1359 ad
922 1300 990 1375 vig.
1013 1322 1042 1378 p.
1061 1301 1131 1360 718.
1175 1304 1221 1360 De

144 1400 210 1458 loco
233 1401 333 1478 priore
356 1402 419 1477 egit
440 1403 633 1462 Blomficldus
656 1402 694 1461 ad
715 1404 797 1462 Pers.
817 1407 887 1462 189.
909 1436 950 1446 -

231 1503 259 1580 c)
282 1505 364 1569 Quae
386 1508 474 1565 modo
494 1507 634 1566 enarravi
657 1506 806 1582 adjectiva
828 1526 895 1565 cum
911 1505 1052 1581 genetivo
1075 1506 1221 1583 partitive

145 1613 330 1683 constructa,
359 1630 410 1683 ea,
440 1609 582 1690 quoniam
605 1612 676 1667 eunt
698 1608 830 1685 ejusdem
853 1608 971 1684 generis
995 1614 1084 1688 atquc
1106 1609 1221 1683 geneti-

143 1730 216 1783 vus,
239 1711 320 1769 nihil
341 1713 455 1771 habent
476 1711 676 1772 difficultatis.
721 1711 949 1791 Relinquuntur
968 1712 992 1770 ii
1014 1712 1090 1785 loci,
1113 1711 1222 1791 quibus

143 1819 287 1872 neutra
309 1814 525 1890 adjectivorum
554 1835 621 1874 cum
649 1813 790 1888 genetivo
813 1814 974 1892 partitivo‚
1006 1815 1058 1893 qui
1086 1836 1147 1874 non
1176 1820 1222 1873 est

144 1916 277 1990 ejusdem
299 1918 432 1992 generis,
456 1920 686 1994 conjunguntur.

230 2021 260 2098 αΙ
282 2020 418 2079 Primum
446 2020 542 2095 igitur
564 2019 787 2085 'consideranda
817 2025 889 2079 sunt
917 2040 952 2078 ca
983 2021 1135 2098 exempla,
1168 2020 1220 2079 ubi

141 2142 175 2180 re
197 2143 275 2182 vera·
293 2123 483 2198 cogitandum
506 2128 552 2182 est
573 2125 610 2182 de
632 2123 804 2202 partitione.
854 2125 903 2181 Pr.
928 2128 1007 2182 663:
1039 2115 1082 2181 τά
1105 2116 1219 2180 λοιπά

98 2251 100 2256 ·
142 2218 172 2280 δ’
204 2217 316 2284 άθλων.
361 2226 402 2286 ib.
427 2226 503 2285 778:
533 2221 636 2285 πόνων
665 2219 702 2283 τά
731 2217 831 2284 λοιπά.
877 2225 931 2284 ch.
956 2230 1032 2283 395:
1064 2217 1219 2301 Ἀτρειδῶν

142 2319 177 2384 τά
200 2321 279 2385 λοίπ’
305 2320 464 2405 άμηχάνως
491 2325 495 2410 Ι
523 2325 634 2405 ἔχοντα.
679 2329 778 2389 Schol.
801 2331 860 2388 M.:
893 2319 971 2403 ἡμᾶς
1001 2320 1071 2396 τούς
1099 2320 1220 2386 άπολοί-

143 2448 219 2498 πονς
248 2431 307 2488 τῶν
334 2424 499 2508 Ἀτρειδῶν.
544 2431 710 2507 Singularis
742 2437 843 2491 exstat
870 2451 1012 2490 numerus
1034 2433 1117 2490 Pers.
1142 2436 1222 2491 991:

143 2523 216 2612 δρᾷς
247 2526 280 2591 τό
303 2527 408 2593 λοιπόν
438 2527 506 2593 τόδε
534 2527 586 2604 τάς
611 2532 684 2610 ἐμᾶς
705 2535 818 2603 στολάς.
863 2533 974 2611 (Schol.
999 2536 1039 2592 M.
1064 2534 1227 2595 adnotavit·

145 2637 271 2713 θεωροῖς
294 2630 327 2696 τό
350 2636 523 2712 περίλοιπον
545 2632 607 2713 ἐμὲ
628 2637 772 2711 λείψανον
793 2636 847 2712 τῆς
869 2629 939 2712 όλης
960 2636 1118 2714 στρατιάς).

228 2741 277 2798 Ex
310 2740 505 2818 superlativis
541 2740 613 2799 huic
646 2741 863 2817 adjectivorum
898 2739 1010 2817 speciei
1043 2742 1220 2816 subjungam

143 2842 231 2901 Eum.
248 2848 326 2902 483:
359 2843 484 2920 κρίνασα
511 2835 541 2900 δ’
564 2833 692 2901 άστῶν
713 2844 788 2902 τῶν
811 2839 908 2917 ἐμῶν
927 2835 968 2898 τά
991 2838 1153 2918 βέλτατα
1176 2847 1220 2901 at-

144 2963 201 3024 que
217 2947 303 3004 Eum.
322 2951 377 3006 31:
400 2947 460 3003 τῶν
475 2943 547 3022 πρίν
566 2938 733 3004 εἰσόδων
748 2979 788 2990 -
809 2945 814 3026 Ι
834 2936 991 3023 άριστα,
1015 2965 1103 3023 quem
1120 2946 1220 3004 locum

144 3069 235 3126 supra
254 3052 317 3126 jam
337 3049 537 3109 laudavimus.
888 3056 892 3063 ’

229 3153 343 3213 Eodem
373 3151 486 3229 optimo
512 3155 581 3228 jure
609 3150 717 3211 videor
745 3148 822 3208 mihi
851 3151 1164 3211 reformassem:
1196 3141 1220 3210 ῶ

143 3249 232 3314 πιστά
254 3257 385 3327 πιστῶν,
416 3275 505 3335 quam
527 3253 671 3333 loquendi
700 3253 861 3312 formulam
883 3253 982 3311 Schol.
999 3255 1040 3311 M.
1062 3274 1220 3331 perperam

144 3359 293 3437 explicat:
327 3355 359 3417 ἐκ
389 3359 503 3416 πιστῶν
530 3353 666 3433 πατέρων
688 3352 786 3414 πιστοὶ
814 3351 883 3413 vicl.
908 3357 1067 3414 —Immo
1097 3378 1219 3433 prorsus

144 3461 286 3538 adjectivi
308 3461 372 3524 vim
394 3460 531 3539 apposito
551 3458 692 3536 adjectivi
715 3459 847 3535 ejusdem
869 3459 1011 3533 genetivo
1034 3479 1129 3539 coque
1152 3481 1219 3537 par-

143 3565 234 3625 titive
254 3565 470 3643 quodammodo
493 3562 597 3637 angori
620 3566 651 3621 et
672 3561 818 3621 cumulari
840 3562 949 3621 docent
971 3563 1110 3640 exempla
1131 3565 1220 3622 haec:

144 3667 266 3727 Diocles
289 3668 369 3728 Oom.
388 3673 416 3740 2,
439 3688 468 3744 p.
486 3671 562 3724 838:
592 3666 725 3723 πλυνεῖτε
756 3657 792 3723 τά
813 3657 892 3723 κακά
921 3666 980 3723 τῶν
1002 3667 1104 3723 κακῶν
1132 3657 1219 3741 άμᾶς.

144 3772 235 3848 Soph.
251 3771 307 3830 Ph.
325 3775 381 3830 65:
403 3762 502 3845 ἕσχατ’
524 3761 654 3844 ἐσχάτων
670 3761 757 3826 κακά.
796 3768 868 3827 Ocd.
884 3769 921 3827 R.
938 3772 1014 3826 465:
1036 3758 1140 3845 άρρητ’
1168 3761 1230 3848 dp:

145 3867 250 3950 ρήτων.
299 3873 371 3933 Ocd.
387 3873 450 3933 001.
470 3876 568 3931 1238:
591 3868 640 3929 ἵνα
662 3864 820 3949 πρόπαντα
839 3872 844 3947 Ι
862 3864 941 3929 κακά
963 3871 1065 3930 κακῶν
1080 3869 1218 3942 ξυνοικεῖ,

144 3977 196 4035 ubi
219 3977 399 4036 conferenda
420 3981 492 4036 eunt
513 3994 589 4055 quac
611 3972 768 4034 adnotavit
788 3973 951 4048 Reisigius.
972 4008 1011 4016 -

230 4079 389 4138 Simillimo
421 4079 512 4138 etiam
541 4078 629 4137 modo
661 4110 702 4119 -
732 4076 812 4155 quod
833 4077 914 4135 haud
945 4079 998 4136 abs
1027 4097 1060 4136 re
1089 4077 1148 4136 erit
1168 4077 1219 4136 hic

53 4228 56 4235 .
144 4202 309 4242 memorare
336 4214 379 4224 -
407 4181 473 4258 ipse
494 4181 664 4258 Aeschylus
687 4178 870 4240 substantivi
890 4178 1045 4237 notionem
1067 4185 1219 4259 tamquam
