2850 4590
606 281 820 347 ..57-

259 440 470 517 Holaveissig.
493 443 515 502 l.
532 463 556 503 c.
572 464 602 521 p.
620 447 676 501 36:
700 442 783 515 „Der
797 438 927 501 Genetiv
941 436 1027 498 dient
1049 457 1104 498 zur
1118 439 1253 498 atheran

173 545 383 620 Beatimmung
405 544 488 605 eines
510 548 644 606 Ncmens
666 579 708 588 —
729 545 827 603 durch
848 541 1058 603 Gombination
1080 541 1193 604 zweier
1214 563 1254 602 au

175 649 287 710 einer
309 654 521 710 conereten
543 650 710 710 Einheit
731 651 795 708 des
817 647 1051 724 Begriffes.“
1073 681 1116 690 -—

260 751 300 839 a)¹
315 750 432 816 Quibus
454 752 624 831 profligatis
647 754 862 814 collustrantur
879 750 1018 828 primum,
1042 751 1154 830 quippe
1177 773 1253 832 quae

173 857 225 918 vel
246 855 377 916 maxime
398 858 459 917 huc
482 862 633 935 spectent,
659 855 1029 917 circumlocutiones.
1072 855 1129 914 His
1151 861 1253 916 tamen

174 957 373 1020 substantivis
388 958 652 1040 circumloquendo
667 958 920 1032 inservientibus,
944 978 1071 1038 quorum
1086 961 1147 1035 jam
1163 980 1254 1038 supra

172 1061 284 1139 passim
312 1061 523 1124 inchoavimus
545 1062 746 1137 mentionem,
777 1062 837 1122 elia
866 1063 1012 1142 quaedam
1042 1067 1113 1122 sunt
1141 1063 1252 1123 adscri-

173 1167 286 1238 benda,
309 1186 385 1246 quae
407 1168 465 1227 hoc
485 1165 552 1245 ipso
574 1169 640 1227 loco
665 1167 777 1246 optime
792 1167 994 1246 proferentur.
1019 1199 1057 1209 —
1080 1169 1252 1246 Antequam

173 1273 274 1328 autem
295 1269 483 1346 traiectionis
506 1269 771 1331 circumlocutione
800 1270 923 1330 effectae
953 1269 1082 1329 excitem
1105 1272 1252 1348 exempla,

173 1375 419 1433 memorabuntur
434 1372 493 1434 loci
512 1372 545 1447 ii,
568 1374 677 1454 quibus
693 1373 890 1452 adjectivum,
914 1373 1051 1452 quamvis
1067 1373 1252 1450 trajectionis

172 1477 269 1551 figura
299 1495 366 1536 oum
393 1475 537 1554 primario
560 1478 682 1537 nomine
712 1478 753 1538 sit
774 1479 963 1557 copulatum,
997 1478 1128 1554 ejusdem
1149 1481 1252 1536 tamen

175 1584 221 1640 ast
251 1578 370 1656 generis
400 1582 484 1657 cujus
515 1581 685 1656 genetivus.
729 1583 783 1642 eh.
808 1587 885 1641 886:
918 1572 1070 1656 φίλτατ’
1101 1578 1252 1660 Αἰγίσθου

172 1679 225 1757 βία
246 1682 417 1762 (scholii.
439 1676 506 1741 ἄντί
533 1684 587 1743 τοῦ
615 1670 639 1743 oi
662 1682 804 1763 Αἴγισθε)
828 1686 866 1745 cf.
888 1708 918 1764 p.
937 1689 985 1746 15.
1017 1718 1059 1730 -
1090 1687 1147 1760 Ag.
1172 1689 1251 1743 295:

173 1777 285 1864 φλογός
307 1782 399 1865 με’γαν
422 1778 551 1864 ποίγωνα
574 1820 616 1831 -
639 1783 849 1866 φλέγουσαν
872 1790 909 1849 ef.
932 1810 961 1868 p.
980 1792 1028 1847 18.
1052 1820 1094 1847 ε-
1116 1786 1156 1847 ib.
1174 1788 1251 1847 739:

173 1882 290 1967 θράσος
311 1887 511 1965 μελαίνας-
535 1881 624 1962 ἄτας,
648 1887 850 1968 είδομέναν
872 1893 1006 1951 τοκεῦσιν
1031 1884 1157 1969 (θράσος
1179 1882 1252 1959 dirce

172 2019 216 2043 =
237 1995 364 2071 θρασεῖα
387 1984 442 2050 dra
464 2013 494 2054 v.
518 2016 547 2072 p.
567 1993 628 2072 18).
651 2029 693 2040 -
715 1995 850 2055 Maxime
873 2000 919 2055 est
932 1995 1074 2055 idoneum
1097 1997 1176 2075 quod
1198 2016 1250 2074 pc-

172 2101 263 2156 natur
291 2098 373 2174 Sept.
398 2102 475 2156 288:
508 2099 595 2155 ποῖον
626 2090 656 2154 d’
690 2089 857 2174 οίμείψεσθε
886 2098 972 2177 γαίας
1002 2095 1094 2157 πέδον
1114 2097 1118 2174 Ι
1139 2095 1247 2156 rdod'

173 2191 287 2275 ίίρειον,
319 2199 372 2260 ubi
394 2199 479 2277 γαίας
510 2220 576 2260 cum
600 2195 693 2259 πέδον
721 2208 782 2261 tarn
811 2208 892 2262 arcte
915 2204 1071 2276 cohaeret,
1103 2208 1137 2262 ut
1164 2204 1250 2282 quasi

172 2303 210 2361 ad
231 2302 390 2363 libidinem
413 2324 524 2378 genera
546 2308 699 2381 permutet
727 2310 825 2383 poeta.
870 2306 937 2365 Etsi
968 2306 1048 2365 enim
1070 2298 1171 2383 ἄρειον
1200 2328 1250 2381 ge-

172 2404 254 2464 neris
284 2411 331 2466 est
352 2405 489 2467 neutrius
520 2405 598 2466 sieut
628 2403 731 2480 πέδον,
762 2407 922 2483 genetivus
952 2414 1052 2468 tamen
1082 2400 1168 2467 τᾶσδ’
1189 2432 1251 2469 non

173 2528 266 2583 genus
296 2512 390 2570 habet
417 2509 548 2569 nominis
571 2506 665 2569 πέδον
696 2512 748 2570 scd
771 2511 906 2586 genetivi
934 2510 1027 2590 γαίας.
1073 2513 1172 2572 Sahal.
1195 2516 1249 2572 14:

173 2604 224 2671 ίαν
246 2605 400 2688 ταύτην,
424 2613 514 2688 φησὶ,
537 2607 604 2689 τήν
626 2615 694 2692 γῆν
716 2613 852 2694 προδῶτε
873 2617 935 2684 τοῖς
956 2614 1116 2690 πολεμίοις,
1139 2614 1249 2674 ποίαν

172 2713 357 2791 βελτίονα
379 2707 502 2793 αὐτῆς
523 2707 677 2794 edericus,-
699 2751 741 2761 -

258 2819 316 2879 Sed
334 2822 396 2897 jam
416 2821 498 2879 ultra
518 2821 771 2899 progrediendum
795 2821 867 2896 erit,
890 2822 1066 2882 ordiendum
1089 2826 1188 2882 autem
1211 2826 1249 2884 ab

172 2921 398 2982 enumeratione
416 2923 683 2996 substantivorum,
705 2924 807 3003 qualia
822 2931 893 2985 sunt
908 2920 1008 2998 πέδον,
1032 2912 1139 2994 οὖδας,
1163 2918 1248 2996 πλάξ,

172 3018 259 3084 τόποι
273 3031 330 3086 etc.
374 3027 459 3086 Haeo
487 3026 567 3087 enim
588 3027 736 3106 imprimis
759 3030 839 3106 apud
860 3031 1045 3108 Aeschylum
1069 3051 1136 3090 oum
1159 3050 1249 3104 gene·

170 3129 234 3190 tivo
257 3129 301 3189 ita
321 3130 438 3191 faciunt
460 3130 666 3209 periphrasin,
688 3138 724 3193 ut
746 3154 806 3192 una
827 3132 899 3192 inde
921 3132 1036 3193 oriatur
1057 3133 1152 3194 notio.

259 3236 285 3292 1.
309 3228 438 3292 πέδον.
484 3237 534 3294 Pr.
556 3238 587 3294 l:
619 3229 732 3310 χθονός
753 3269 795 3278 -
817 3229 963 3315 τηλουρίν
984 3271 1014 3280 -
1049 3232 1142 3295 πέδον
1172 3258 1248 3317 quae

170 3338 264 3397 verba
286 3337 376 3414 plane
397 3336 478 3396 idem
499 3336 636 3398 indicant
657 3342 747 3417 atque
762 3331 906 3417 τηλουρὸν
924 3331 1037 3416 χθόνα·
1060 3332 1144 3416 χθοίν
1167 3339 1248 3400 enim

170 3459 231 3498 non
263 3443 309 3498 cst
338 3438 439 3512 „orbis
468 3444 635 3500 terrarum“
666 3443 719 3500 sed
740 3446 859 3515 „terra“
889 3443 926 3503 cf.
948 3435 1092 3521 εηλουρόν
1122 3445 1177 3523 γῆν
1205 3443 1246 3504 ib.

172 3545 243 3602 805.
268 3575 306 3584 -
325 3542 407 3619 Sept.
424 3547 500 3602 288:
524 3545 641 3601 ποῖον
658 3535 688 3600 d'
704 3535 870 3619 ἀμείψεσθε
886 3545 1000 3625 γαίας
1018 3541 1141 3605 πέδον
1158 3540 1244 3605 τᾶσδ’

170 3635 269 3723 ίίρειον
292 3644 342 3722 (cf.
366 3665 442 3725 quae
464 3646 565 3724 paullo
589 3667 680 3725 supra
700 3650 759 3708 hoa
785 3650 822 3708 de
851 3651 916 3709 loeo
939 3649 1181 3728 disputavimus).

170 3749 229 3808 Suo
244 3747 340 3824 igitur
351 3752 419 3826 jure
435 3755 637 3826 reposuerunt
651 3752 907 3812 Weckleinius
930 3755 979 3812 Pr.
998 3753 1058 3812 827
1068 3775 1075 3812 ε
1099 3745 1247 3812 Μολοσσοὶ

170 3854 239 3929 γῆς
259 3847 354 3910 atde
377 3853 434 3926 (Μ,
451 3845 578 3926 odardo)
601 3858 632 3913 et
649 3854 819 3914 Krusius
842 3856 946 3933 Suppl.
961 3860 1039 3915 303:
1062 3849 1164 3932 Λιβύη
1186 3853 1247 3930 με’-

169 3971 303 4035 γιστον
331 3957 399 4033 γῆς
426 3952 547 4016 πέδον
572 3953 766 4036 καρπουμένη
789 3959 952 4034 (Porsonus
971 3960 1125 4033 lacunam,
1157 3980 1246 4040 quam

170 4059 302 4119 ostendit
323 4062 365 4120 Μ.
388 4059 470 4120 inter
491 4056 628 4139 μέγιστον
651 4065 682 4120 et
699 4057 903 4139 καρπουμένη,
926 4081 1000 4124 voce
1022 4054 1118 4138 ὄνομα
1141 4064 1245 4139 exple-

169 4161 277 4241 verat).
301 4197 342 4207 -
369 4164 481 4224 Gontra
502 4164 685 4243 adjectivum
706 4164 843 4241 legitime
864 4186 926 4226 non
946 4165 1062 4225 nomini
1083 4165 1245 4246 principali
