2850 4590
571 304 784 370 ..13-

139 482 167 538 p.
188 459 269 538 165).
303 461 361 520 Sed
384 461 501 536 singula
522 462 691 522 rideamus:
714 461 795 538 Sept.
812 459 868 530 70:-
887 449 961 538 Ἀροί
982 450 1006 515 ι’
1019 449 1139 537 Ἐρινός
1160 481 1216 517 πα-

139 555 207 641 τρός
228 552 249 637 ἦ
271 556 465 641 μεγασθενής.
500 564 581 642 Sept.
606 570 682 624 863:
704 561 799 641 κάρτα
822 553 847 620 δ’
870 557 971 638 ἀληθῆ
994 555 1109 641 πατρός
1134 559 1216 620 Οἰδι-

139 659 220 722 πόδα
242 658 338 723 πότνι’
359 657 477 743 Ἐρινύς
499 663 669 745 ἐπέκρανεν.
715 666 764 725 Sic
785 668 878 726 rerba
908 666 1116 741 conjungenda
1139 672 1217 724 sunt.

138 768 252 826 Eodem
274 770 361 827 modo
384 770 464 847 Sept.
489 776 565 829 683:
595 763 764 848 μελάναιγις
787 763 844 827 οὐκ
867 765 878 851 ΙΙ
901 759 956 825 εἰσι
979 761 1081 844 δόμων
1101 757 1217 846 Ἐρινύς

139 871 297 943 genetivus
327 864 429 947 δόμων
455 873 627 948 jungendus
657 878 702 931 est
733 892 800 931 cum
827 863 955 947 Ἐρινύς.
1007 872 1094 936 Quod
1123 872 1155 929 ni
1182 873 1218 929 fit

138 975 296 1047 genetivus
318 995 378 1033 non
402 976 573 1054 habetque
597 975 770 1052 explicetur.
811 975 908 1032 Multo
931 995 1003 1032 vero
1026 974 1126 1050 aptior
1148 993 1216 1033 eva-

138 1076 183 1134 dit
205 1076 355 1136 sententia
378 1078 400 1135 si
424 1077 577 1135 lenissima
595 1080 760 1137 mutatione
777 1077 932 1136 scribimus
956 1074 1047 1149 ἔστι,
1071 1082 1105 1135 ut
1127 1097 1216 1150 gene-

138 1178 219 1237 tirus
242 1173 342 1252 δόμων
363 1180 584 1256 praedicativus
607 1202 671 1240 esse
693 1182 839 1242 videatur.
884 1182 992 1239 Exstat
1014 1180 1093 1239 enim
1117 1200 1215 1239 exem-

137 1281 218 1358 plum
243 1284 465 1355 gravissimum:
488 1286 573 1342 Eum.
594 1288 689 1343 1020:
712 1280 861 1342 σπονδαὶ
888 1318 926 1326 -
951 1279 1085 1350 ἔνδαιδες
1107 1280 1216 1341 οἰκων

138 1383 359 1460 (Hermannus:
389 1406 468 1462 „pax
493 1420 533 1429 —
555 1387 586 1444 in
619 1387 738 1445 sedibus
767 1407 806 1446 sc.
831 1388 928 1461 est0“)
955 1387 1058 1444 confer
1079 1385 1159 1442 infra
1175 1387 1216 1442 ΙΙ.

137 1487 242 1546 Paullo
266 1488 354 1547 aliter
376 1509 423 1548 res
448 1511 478 1547 se
500 1490 593 1548 habet
613 1490 694 1566 Sept.
712 1490 789 1549 706:
812 1482 925 1566 πατρός
947 1483 1084 1546 εὐκταίαν
1098 1479 1216 1565 Ἐρινύν

136 1592 236 1663 „furia
266 1611 284 1649 a
314 1599 399 1670 patre
431 1592 588 1652 invocata“
618 1592 715 1652 Schol.
739 1595 796 1651 u:
829 1585 867 1668 ἣν
897 1585 1043 1666 ἐπηύξατο
1070 1587 1216 1658 Οἰδίπους

137 1690 248 1752 τελέσαι
269 1687 322 1763 τοίς
343 1687 429 1772 dotis.

226 1791 346 1867 Κόυες
369 1799 486 1874 saepius
508 1801 655 1857 vocantur
676 1797 777 1856 Dirae.
823 1800 859 1856 cf.
883 1799 967 1855 Eum.
993 1801 1069 1855 244:
1097 1815 1216 1874 τετραυ-

137 1897 313 1975 ματισμένον
342 1893 398 1978 γαρ
429 1892 471 1967 οἷς
499 1893 582 1958 κύων
611 1892 720 1976 νεβρόν
743 1894 754 1981 Η
777 1893 853 1976 πρός
880 1890 952 1972 αἷμα
976 1895 1025 1956 καὶ
1050 1890 1216 1977 σταλαγμόν

137 1996 344 2079 ἐκματεύομεν.
387 2004 459 2062 Eur.
489 2003 534 2062 El.
562 2008 658 2061 1342:
688 1995 782 2069 κύνας
811 1995 899 2058 τόσδε
929 1995 1091 2078 προλιπών.
1141 2003 1216 2059 He-

137 2107 237 2182 sych.
256 2098 356 2164 Κόων,
375 2103 462 2164 -οἰ
479 2100 510 2162 δὲ
526 2098 579 2180 τήν
592 2097 718 2181 Ἐρινύν.
737 2138 776 2147 -
792 2106 844 2163 ch.
862 2104 939 2162 917:
962 2095 1090 2176 φύλαξαι
1105 2096 1217 2182 μητρός

137 2201 277 2286 ἐγκότους
304 2203 405 2277 κύνας.
456 2209 554 2267 Schol.
579 2210 635 2266 M.:
666 2198 719 2275 τοίς
747 2199 893 2284 Ἐρινύας.
943 2207 995 2266 Oh.
1024 2212 1119 2265 1051:
1151 2205 1216 2264 αἵδε

137 2304 248 2388 μητρός
270 2307 386 2389 ἔγκοτοι
408 2304 504 2380 κόνες.

221 2406 311 2490 Ἀμαί
356 2415 459 2491 (Dirae
482 2415 565 2491 ipsae
588 2434 619 2472 se
641 2405 730 2487 Ἀροίς
753 2412 905 2491 appellant
928 2413 1012 2471 Eum.
1034 2417 1110 2470 413:
1131 2404 1214 2490 'Apol

137 2506 162 2570 δ’
185 2513 217 2574 ἒν
240 2513 334 2585 οἰκοις
356 2519 411 2595 γῆς
433 2508 507 2574 tuat
531 2508 722 2593 κεκλήμεθα.)
764 2517 853 2590 juxta
873 2507 991 2591 Ἐρινύς
1015 2521 1060 2574 est
1083 2517 1214 2592 positum

136 2618 217 2694 Sept.
242 2622 298 2678 70:
320 2612 392 2697 'Apol
416 2612 438 2676 τ’
460 2611 576 2696 Ἐρινύς
598 2611 711 2694 πατρός
734 2609 754 2693 ἦ
777 2611 969 2696 μεγασθενής,

222 2723 270 2780 Ita
293 2722 382 2780 etiam
406 2722 555 2795 contingit
584 2727 619 2780 ut
640 2720 919 2797 „imprecatio“
942 2740 1029 2800 quam
1055 2721 1121 2801 quis
1143 2721 1215 2779 fecit

136 2825 173 2882 ad
205 2823 453 2900 προσωποποιίαν
483 2825 625 2883 accadens
654 2823 733 2882 idem
764 2826 826 2882 fere
849 2823 949 2884 valeat
977 2831 1068 2903 atque
1089 2816 1161 2900 'Apa‘
1184 2828 1215 2882 et

134 2917 252 3004 Ἐρινύς
286 2927 395 3003 (Schol.
427 2928 467 2984 M.
503 2927 539 2984 ad
574 2927 626 2985 Oh.
657 2932 734 2984 394:
773 2921 1000 2984 ἆνειδωλοποιεῖ
1028 2919 1081 2994 τοίς
1115 2919 1213 3005 δρός).

136 3030 216 3107 Sept.
234 3031 310 3089 678:
333 3029 423 3102 φίλου
446 3021 501 3107 yolo
525 3023 619 3106 ἐχθροί
635 3050 686 3103 μοι
705 3021 817 3106 πατρός
838 3030 913 3086 τελεῖ
933 3022 1002 3105 ἆρά.
1037 3029 1117 3106 Sept.
1137 3035 1213 3088 815:

137 3121 161 3192 ci
185 3130 306 3206 μέλαινα
333 3128 383 3190 καί
412 3131 503 3188 τελεία
525 3127 626 3208 γένεος
651 3128 781 3189 Οἰδίπου
804 3122 827 3186 τ’
850 3124 917 3204 cipri.
963 3132 1146 3190 Brunclrium
1169 3153 1213 3190 se·

137 3240 222 3295 cutus
252 3236 309 3292 duo
340 3235 495 3308 genetivus
518 3235 591 3293 mihi
622 3234 786 3310 persuadeo
814 3235 1038 3309 conjungendos
1061 3256 1125 3293 csse
1147 3255 1213 3294 cum

136 3339 339 3410 nominativo,
369 3337 412 3394 ita
435 3342 469 3394 ut
498 3336 524 3394 is
554 3337 613 3395 alio
637 3358 725 3396 sensu
748 3337 785 3395 ad
809 3337 940 3412 priorem
963 3333 1074 3414 (μένεος
1097 3330 1214 3413 cipri:

136 3441 327 3519 imprecatio,
360 3459 418 3518 qua
440 3460 533 3513 genus
557 3442 696 3501 devotum
721 3439 778 3517 est)
806 3438 865 3496 alio
894 3459 982 3496 sensu
1005 3439 1154 3515 pertineat
1177 3441 1213 3498 ad

136 3545 332 3621 posteriorem
356 3535 428 3620 (ἄρα
447 3538 577 3601 Οἰδίπου
592 3541 824 3620 :imprecatio
849 3560 937 3620 quam
960 3541 1038 3600 dixit
1059 3543 1213 3620 Oedipus).

136 3651 378 3706 Hermannus
401 3645 504 3704 attulit
525 3645 606 3704 illius
626 3645 838 3721 explicationis
860 3645 1024 3703 firmandae
1039 3665 1128 3704 causa
1143 3647 1213 3704 Eur.

136 3753 250 3809 Phoen.
277 3754 374 3807 1605:
406 3741 482 3823 ἆμοίς
512 3743 695 3824 παραλαβών
725 3747 825 3805 Λαΐου
857 3744 907 3804 καί
937 3744 1019 3805 παισί
1051 3743 1130 3816 δούς.
1176 3751 1213 3806 cf.

136 3855 203 3911 adn.
226 3852 411 3910 scholiastae
427 3853 467 3909 M.
512 3851 707 3910 Memoranda
728 3871 818 3927 porro
843 3858 928 3908 sunt:
951 3851 1030 3926 Sept.
1050 3850 1125 3908 870:
1150 3846 1217 3908 αἰαῖ

136 3948 162 4012 δ’
178 3949 349 4027 ἀντιφόνων
364 3947 506 4012 θανάτων
522 3947 594 4032 ἀραί
609 3953 641 4031 (i.
658 3975 683 4011 θ.
707 3971 803 4030 „quac
826 3953 970 4012 frutribus
986 3959 1110 4011 mortem
1127 3972 1213 4030 paru·

136 4059 250 4135 bant⁴‘).
284 4058 336 4116 Ch.
354 4057 431 4116 673:
456 4043 694 4115 οἰδυσπόλαιστε
717 4054 809 4114 τοῖνδε
826 4048 972 4132 δωμάτων
993 4049 1053 4135 οἰμοί
1077 4076 1213 4116 exsecra·
