2850 4590
569 300 784 364 ,ῃ-

225 454 256 532 6)
279 445 374 532 πόρος
397 452 481 528 (Plus
504 475 563 514 uno
586 456 651 515 loeo
675 456 753 532 apud
778 456 959 534 Aeschylum
983 447 1078 532 πόρος
1101 455 1214 514 indioat

137 557 285 631 „fiuvius“
307 558 360 616 (lh.
380 561 419 615 65
444 592 484 600 -
507 560 558 618 ubi
583 562 719 619 eonferas
743 579 818 638 quae
842 559 966 618 adnotat
987 558 1086 618 Sohol.
1111 560 1150 616 M.
1175 592 1216 600 -

137 661 223 719 Eum.
247 665 308 718 448
326 705 333 720 .

223 659 406 822 Pers.)49l:
428 754 525 832 Ἀξίου
548 756 651 841 πόρος.
695 765 735 823 ib.
761 770 837 825 856:
861 757 956 840 πόρος
972 756 1104 846 ΙΓἈλοος
1126 785 1213 821 ποτα·

137 867 215 939 μοῖο.
266 866 319 925 ch.
345 870 422 924 355:
452 858 656 943 Σκαμάνδρου
687 861 789 943 πόρος.
842 867 998 926 Simillime
1029 872 1075 925 ost
1104 867 1216 925 dietum

138 970 187 1027 Pr.
213 973 289 1039 532;
318 959 463 1026 Ὠκεανοῦ
492 962 606 1047 πατρός
637 963 779 1046 όσβεστος
800 965 904 1048 πόρος.
950 971 1066 1029 Nomen
1088 989 1160 1030 vero
1184 969 1216 1026 in

137 1072 241 1130 eodem
264 1090 334 1130 easu
357 1072 535 1131 oolloeetum
558 1080 604 1132 est
625 1075 707 1152 Sept.
730 1081 806 1133 531:
829 1066 925 1149 πόρος
948 1107 986 1116 -
1009 1065 1150 1146 Ἰσμηνός.

224 1175 256 1254 7)
278 1169 405 1251 ῥέεθρον
435 1175 608 1249 genetivum
637 1178 840 1254 appositivum
869 1176 1007 1236 adsoiseit
1030 1177 1112 1234 Pers.
1137 1180 1215 1232 495:

137 1278 199 1334 πᾶν
221 1272 346 1355 ῥέεθρον
370 1267 464 1354 ἁγνοῦ
486 1271 670 1354 Στρόμονος.
717 1282 753 1339 af.
777 1282 851 1339 Hor.
876 1280 931 1338 od.
955 1280 996 1352 ΙΙ,
1022 1284 1050 1350 6,
1076 1283 1130 1336 10:
1158 1278 1215 1335 Ga-

138 1379 210 1439 laesi
234 1380 346 1438 fiumen
369 1380 428 1452 ΠΙ,
456 1386 502 1452 13,
530 1386 561 1439 1:
585 1383 652 1440 lons
674 1382 852 1441 Bandusiae.

222 1482 450 1542 Substantivum
470 1477 641 1558 ποταμός
664 1486 802 1544 omnibus
825 1485 898 1544 loeis
914 1505 1022 1543 nomen
1038 1484 1142 1542 eodem
1158 1483 1214 1540 sibi

137 1586 268 1644 adsumit
291 1604 369 1644 easu.
415 1587 464 1645 Pr.
489 1586 559 1646 715.
585 1588 654 1646 807.
677 1590 733 1661 frg.
762 1594 828 1647 142.
852 1590 908 1662 frg.
934 1593 1003 1645 243.

223 1689 253 1763 8)
276 1683 374 1755 λέπας.
408 1692 466 1762 Ag.
483 1694 561 1748 285:
588 1690 778 1768 Κιθαιρῶνος
793 1686 891 1759 λέπας.
926 1691 1000 1750 Voei
1023 1680 1092 1766 όρος
1112 1691 1216 1746 eontra

136 1791 259 1850 nomina
281 1792 384 1850 eodem
408 1810 478 1850 easu
500 1800 694 1870 apponuntur
715 1798 771 1868 Ag.
796 1799 866 1852 290.
890 1796 972 1853 Pers.
996 1797 1067 1850 492.
1103 1791 1215 1849 Home·

136 1915 187 1954 rus
216 1894 314 1953 utitur
342 1894 482 1975 genetivo
512 1896 680 1973 appositive
712 1897 748 1956 Il.
772 1897 812 1973 11,
836 1902 913 1954 603:
949 1887 1104 1970 Κυλλήνης
1133 1885 1213 1970 όρας.

136 1997 177 2056 ib.
201 2003 278 2056 829:
306 1995 431 2074 Τηρείης
454 1989 534 2075 όρος.

221 2100 254 2176 9)
276 2092 394 2176 λειμών.
440 2103 537 2160 Prom.
584 2108 661 2162 651:
686 2099 803 2181 Λέρνης
825 2136 866 2145 -
889 2095 990 2177 βαθός
1012 2092 1127 2175 λειμών.

221 2200 300 2262 Addi
323 2210 423 2280 potest
440 2205 530 2264 etiam
546 2208 628 2264 Pers.
645 2211 720 2264 492:
749 2198 863 2280 Βόλβης
879 2200 969 2271 ἕλειος
986 2196 1085 2273 δόναξ,
1110 2223 1213 2282 quem-

137 2326 225 2386 quam
254 2307 343 2366 aliter
373 2307 463 2365 etiam
494 2309 574 2366 hune
597 2309 769 2383 genetivum
798 2308 935 2382 intellegi
965 2328 1052 2384 posse
1075 2327 1129 2381 ego
1153 2326 1213 2364 non

136 2409 268 2470 diffiteor
290 2410 393 2486 (Thuo.
417 2402 437 2486 ἦ
462 2405 563 2488 Βόλβη
585 2410 671 2486 λίμνη
694 2413 718 2484 Ι,
743 2417 791 2470 58.
815 2410 868 2483 IV,
895 2411 975 2487 103).

593 2837 698 2918 Caput
719 2837 759 2901 ΙΙ.

451 2981 500 3036 De
522 2981 676 3048 genetivo
698 2981 896 3049 possessivo.

221 3131 368 3208 Exempla
384 3132 483 3191 omnia
499 3133 630 3206 genetivi
657 3132 817 3209 possessivi
842 3149 1015 3190 enumerare
1038 3137 1067 3189 et
1090 3151 1212 3207 peroen-

136 3215 201 3292 sere
232 3233 356 3307 longum
387 3240 433 3292 est
463 3241 553 3313 atque
586 3237 676 3295 etiam
710 3235 826 3294 inutile.
881 3234 1085 3312 Quaecunque
1117 3255 1212 3293 sermo

136 3338 323 3415 Aeschyleus
345 3338 393 3398 vel
416 3338 448 3395 in
471 3339 528 3397 hoe
551 3359 660 3413 genere
679 3341 802 3416 praebet
825 3343 876 3395 aut
898 3336 1062 3414 peculiaria
1077 3344 1129 3395 aut
1152 3357 1213 3395 om·

136 3439 209 3498 nino
232 3440 387 3513 notabilia,
411 3441 541 3500 sufficiat
562 3442 679 3500 ratione
703 3441 805 3501 elvia
827 3439 951 3499 eolleeta
972 3440 1164 3517 perlustrare.

642 3627 710 3707 51·

221 3748 347 3808 Initium
377 3749 490 3824 espiam
521 3750 558 3806 ab
587 3768 621 3808 ea
650 3752 767 3809 ratione
794 3768 853 3829 qua
880 3749 970 3807 alieni
993 3748 1036 3807 rei
1061 3748 1141 3824 (urbi
1164 3748 1212 3808 vel

135 3852 247 3929 terrae)
278 3853 435 3926 genetivus
465 3853 651 3928 possessivus
682 3853 850 3913 adneetitur
880 3851 1028 3929 imprimis
1059 3851 1213 3909 nominum

135 3957 326 4033 propriorum
348 3956 391 4014 ita
412 3962 447 4012 ut
469 3956 606 4014 homines
622 3976 687 4013 eam
703 3958 813 4028 urbem,
838 3974 927 4033 quam
944 3956 1142 4014 condiderunt
1164 3955 1211 4013 vel

137 4061 388 4132 gubernaverunt,
411 4066 562 4138 tamquam
584 4059 736 4136 possidere
758 4059 925 4119 videantur.
964 4060 1045 4116 Pers.
1063 4061 1140 4115 305:
1161 4057 1211 4131 νῆ-

136 4177 190 4218 σον
212 4158 351 4229 Αἴαντος.
385 4161 466 4238 Sept.
488 4166 559 4220 113:
582 4155 709 4237 πόλισμα
734 4153 870 4236 Κόὸμον.
905 4162 987 4238 Sept.
1004 4160 1059 4221 74:
1083 4154 1212 4236 Κάδμου
