2850 4590
604 303 816 369 ..79-

172 448 205 514 di
227 448 348 535 ὄρθριαι
375 455 533 537 περίπατοι
557 454 754 534 ι’σχναίνοιιοι,
787 455 838 517 καὶ
869 451 906 517 τοὶ
935 454 1003 539 περὶ
1032 452 1087 538 τήν
1117 452 1251 536 κεφαλήν

172 550 276 631 nosipsi
297 555 397 619 τεκαὶ
419 552 538 639 adopt
544 581 563 618 α
584 557 650 619 nai
673 551 810 637 εὑηκοοι
832 556 1101 640 παρασκευάζουσι,
1123 558 1177 621 καὶ
1194 555 1255 638 τὴν

172 659 285 737 κοιλίην
305 654 431 721 λύουσιν
451 696 495 705 -
515 658 696 738 κενουμένης
722 658 755 723 δὲ
782 664 836 739 τῆς
857 665 989 740 κεφαλῆς
1009 655 1249 745 ὑποκαθαίρεται

172 757 240 840 ἥτε
262 755 349 838 ὄψις
365 757 454 842 καὶὴ
475 756 589 841 οἷκοη,
612 761 663 823 καὶ
679 763 826 844 γίγνονται
845 759 1005 845 ε-ὑιιγέος
1027 764 1058 826 οἱ
1078 759 1249 846 ἅνθρωποι,

172 867 245 947 quin
268 867 368 930 aotiva
394 867 490 928 fuerit
517 866 698 943 signifieatio
726 889 787 928 non
813 868 928 929 dubito.
952 870 1129 930 ¹Aooedunt
1156 871 1248 930 adno-

170 970 245 1030 tatio
268 970 455 1030 Scholiastae
476 973 535 1030 M.:
557 961 715 1046 καθαράν,
736 967 971 1048 κεχωρισμένην·
993 965 1015 1050 ἢ
1036 965 1250 1051 αὐγάζοντα

171 1070 219 1132 καὶ
244 1064 394 1152 ὁρῶντα
415 1071 688 1151 interpretatioque
709 1072 873 1151 Hesyohii:
906 1067 1028 1153 εὑοιγέςς
1060 1065 1171 1153 ὑγνόν,
1197 1097 1250 1134 κα-

170 1169 287 1255 θαρόν,
311 1169 446 1252 εὐσεβές,
478 1167 662 1245 εὑοπτον,
692 1168 791 1254 ὑγιον,
824 1175 960 1237 simodo
981 1177 1050 1237 fieri
1072 1169 1187 1257 potest,
1215 1184 1251 1238 ut

171 1271 299 1339 εὑοπτον
320 1277 463 1339 vocabuli
492 1279 595 1339 eadem
624 1277 665 1338 sit
692 1277 740 1338 vis
769 1282 861 1358 atque
884 1299 987 1341 eorum
1016 1300 1092 1360 quae
1122 1283 1249 1357 oognatu

172 1387 257 1443 sunt:
286 1375 436 1451 κάτοικτος
456 1383 514 1456 Ag.
532 1386 608 1455 294,
640 1383 724 1458 eujus
746 1386 884 1442 naturam
906 1384 1096 1444 abundanter
1117 1384 1250 1444 excussi·

171 1507 252 1560 mus,
285 1477 422 1553 ὑποποος
444 1484 517 1543 Eur.
540 1485 616 1544 Hae.
641 1487 732 1543 1135.
776 1474 913 1555 ὑποπτος
941 1486 1033 1564 Soph.
1057 1486 1154 1546 O.=R.‘
1177 1486 1249 1547 762.

171 1591 232 1648 τῶν
253 1580 375 1646 πάντων
404 1577 639 1665 inspienter
664 1587 758 1660 Thus.
774 1588 800 1660 Ι,
824 1591 874 1647 41.
897 1587 1059 1652 *Quod
1080 1588 1107 1648 si
1127 1589 1172 1648 ita
1194 1595 1249 1662 est,

172 1692 198 1752 si
220 1689 369 1768 adjeotivo
385 1680 494 1769 οὑαγής
508 1687 608 1749 aotive
623 1687 703 1748 dioto
718 1688 767 1750 vis
782 1692 918 1767 subjeota
932 1695 990 1750 estt
1015 1691 1250 1773 „prospioiens“,

172 1793 307 1872 genetivi
329 1785 442 1863 παντός
462 1791 592 1871 στρατοῦ
616 1789 798 1869 explieatam
824 1793 970 1854 habemus
991 1793 1172 1874 facilemque
1201 1816 1249 1854 ra-

171 1897 294 1958 tionem.

676 2061 744 2145 52.

257 2207 353 2282 Pergo
375 2204 580 2283 perstringere
602 2203 752 2279 adjeutiva
778 2223 815 2262 ea
843 2222 921 2282 quae
942 2204 1045 2266 verbis
1064 2207 1251 2285 respondent

172 2329 239 2369 oum
261 2308 365 2370 dativo
388 2306 530 2385 oonjungi
552 2304 650 2366 solitis

209 2466 216 2475 .
257 2402 394 2488 ὑπήκοος
415 2410 555 2489 (verbum
577 2399 743 2468 ὑπακούειν
768 2407 890 2488 quidem
912 2430 1060 2491 nusquam
1085 2410 1147 2487 legi
1170 2411 1250 2488 apud

171 2515 369 2595 Aeschylum)
396 2513 572 2589 genetivum
601 2510 712 2588 resipit
738 2512 821 2571 Pers.
839 2516 914 2572 234:
945 2515 1027 2573 πᾶσα
1057 2507 1112 2593 γὰρ
1140 2506 1246 2593 γένοιτ’

172 2608 210 2675 dv
229 2607 330 2686 Ἑλλὺς
356 2613 499 2692 βασιλέως
528 2607 673 2692 ὑπήκοος.
719 2615 868 2675 011.296ι
899 2613 991 2675 δυοῖν·
1008 2614 1162 2696 γυναικοῖν
1183 2603 1249 2677 ›do'

172 2709 328 2796 ὑπηκόους
350 2713 455 2778 πέλειν.
499 2717 693 2780 Substantive
708 2717 831 2780 videtur
851 2737 916 2778 esse
934 2717 1049 2778 dietum
1070 2721 1153 2780 Pers.
1171 2724 1248 2779 242:

172 2813 291 2892 οὔτινος
312 2819 414 2881 δοῦλοι
435 2816 590 2897 κέκληνται
613 2813 715 2895 φοιτὰς
736 2812 806 2880 οὐδ’
827 2812 966 2898 ὑπήκοοι.

256 2925 406 3006 Perquam
427 2924 562 3014 diffieilis
577 2924 780 2985 determinatu
801 2931 849 2986 est
869 2924 1030 3000 genetivus
1053 2924 1106 3005 qui
1128 2925 1249 2986 additur

171 3027 336 3106 adjeotivo:
1020 3037 1022 3041 ’

256 3124 427 3202 ἄπιστος.
471 3131 553 3209 Sept.
571 3135 650 3190 854:
684 3123 720 3191 let
745 3124 781 3191 t'oi
804 3123 989 3210 δύσφρονες,
1011 3129 1108 3203 φίλων
1129 3122 1249 3191 ὑπιοτοι

115 3314 117 3318 λ
170 3231 221 3294 καὶ
242 3235 344 3295 κακοῖν
358 3227 532 3313 testesve.
576 3225 720 3308 (ἀπιστεῖν
740 3254 809 3295 oum
823 3233 927 3296 dativo
942 3232 1076 3294 oernitur
1097 3233 1148 3295 Pr.
1162 3235 1248 3312 639.)

170 3337 377 3399 Weekleinius
405 3336 451 3416 (in
481 3337 558 3397 stud.
580 3338 691 3397 Aesoh.
714 3358 744 3416 p.
760 3340 815 3417 68)
837 3337 932 3411 φίλων
961 3357 1022 3397 non
1048 3336 1248 3397 masculinum

170 3463 235 3503 esso
257 3444 310 3504 sed
323 3445 466 3503 neutum
483 3439 622 3517 judicans
637 3440 836 3521 adferensque
855 3441 956 3501 looum
971 3439 1105 3516 ejusdem
1125 3440 1246 3500 fabulae

170 3566 201 3607 v.
219 3548 317 3606 1014:
341 3537 410 3607 οὐδ’
436 3537 611 3620 αἰσχύνομαι
631 3539 636 3625 Ι
656 3536 757 3620 ἔχοντ’
773 3537 900 3604 ἄπιστον
918 3534 1006 3619 τήνδ’
1028 3533 1170 3620 ὑναρχίαν
1191 3535 1246 3601 πό-

169 3650 226 3719 λει,
249 3669 307 3728 quo
329 3645 450 3710 dativus
472 3645 589 3724 positus
612 3650 671 3719 est,
695 3650 810 3707 mutato
826 3639 945 3706 ἄπιστοι
966 3645 999 3704 in
1015 3637 1148 3703 ὑπειστοι
1168 3646 1248 3705 hano

171 3752 288 3829 profert
307 3749 589 3829 interpretationem
612 3751 733 3824 „weder
760 3751 856 3810 dureh
882 3747 931 3809 die
954 3747 1052 3807 sanfte
1073 3740 1171 3806 πειθώ
1194 3748 1247 3807 des

171 3853 316 3927 Gliiokes,
346 3855 426 3914 nooh
453 3854 549 3913 dureh
578 3852 628 3913 die
657 3854 752 3914 rauhe
775 3852 892 3913 Gewalt
920 3849 972 3911 des
994 3851 1167 3926 Ungltiolses
1196 3851 1251 3909 auf

170 3957 280 4016 andere
296 3955 473 4030 Gesinnung
492 3957 666 4032 gebraoht.“
710 3954 769 4015 Sed
783 3953 907 4015 minime
928 3953 977 4016 vir
999 3955 1103 4014 doetus
1127 3955 1246 4012 senten-

169 4058 244 4119 tiam
266 4079 350 4119 suam
367 4057 445 4118 mihi
459 4059 618 4139 persuasit.
661 4057 797 4119 Primum
819 4057 900 4118 enim
921 4057 1040 4117 nullum
1061 4055 1180 4134 reperio
1202 4056 1247 4115 lo·

170 4182 237 4223 oum
252 4182 311 4243 quo
326 4159 399 4238 φίλα
412 4182 476 4224 vox
489 4162 581 4223 istum
595 4163 708 4223 habeat
720 4161 923 4235 intelleotum3
943 4160 1052 4220 deinde
1067 4158 1246 4220 Schuetzius
