<?xml version="1.0" encoding="UTF-8"?>
<!DOCTYPE html PUBLIC "-//W3C//DTD XHTML 1.0 Transitional//EN"
    "http://www.w3.org/TR/xhtml1/DTD/xhtml1-transitional.dtd">
<html xmlns="http://www.w3.org/1999/xhtml" xml:lang="en" lang="en">
 <head>
  <title>
</title>
<meta http-equiv="Content-Type" content="text/html;charset=utf-8" />
  <meta name='ocr-system' content='tesseract 3.04.00' />
  <meta name='ocr-capabilities' content='ocr_page ocr_carea ocr_par ocr_line ocrx_word'/>
</head>
<body>
  <div class='ocr_page' id='page_1' title='image "./degenuiniquemvo00schegoog_0075.png"; bbox 0 0 2850 4590; ppageno 0'>
   <div class='ocr_carea' id='block_1_1' title="bbox 607 293 861 360">
    <p class='ocr_par' dir='ltr' id='par_1_1' title="bbox 607 293 861 360">
     <span class='ocr_line' id='line_1_1' title="bbox 607 293 861 360; baseline 0.008 -2"><span class='ocrx_word' id='word_1_1' title='bbox 607 293 861 360; x_wconf 80' lang='grc'>’-66-</span> 
     </span>
    </p>
   </div>
   <div class='ocr_carea' id='block_1_2' title="bbox 153 443 1300 3211">
    <p class='ocr_par' dir='ltr' id='par_1_2' title="bbox 153 443 1296 1150">
     <span class='ocr_line' id='line_1_2' title="bbox 153 443 1293 527; baseline 0.003 -19"><span class='ocrx_word' id='word_1_2' title='bbox 153 472 155 476; x_wconf 96' lang='grc'><strong><em>·</em></strong></span> <span class='ocrx_word' id='word_1_3' title='bbox 210 481 254 492; x_wconf 92' lang='lat'><em>-</em></span> <span class='ocrx_word' id='word_1_4' title='bbox 275 449 361 508; x_wconf 84' lang='lat' dir='ltr'><strong>Addo</strong></span> <span class='ocrx_word' id='word_1_5' title='bbox 384 449 435 508; x_wconf 87' lang='lat' dir='ltr'>Pr.</span> <span class='ocrx_word' id='word_1_6' title='bbox 459 454 521 507; x_wconf 82' lang='lat'>992</span> <span class='ocrx_word' id='word_1_7' title='bbox 543 482 586 493; x_wconf 90' lang='lat'>-</span> <span class='ocrx_word' id='word_1_8' title='bbox 614 453 672 524; x_wconf 79' lang='lat' dir='ltr'>Ag.</span> <span class='ocrx_word' id='word_1_9' title='bbox 696 454 769 523; x_wconf 86' lang='lat'><strong>381,</strong></span> <span class='ocrx_word' id='word_1_10' title='bbox 798 451 850 508; x_wconf 92' lang='lat' dir='ltr'>ubi</span> <span class='ocrx_word' id='word_1_11' title='bbox 877 443 952 518; x_wconf 80' lang='grc' dir='ltr'><strong><em>θεός</em></strong></span> <span class='ocrx_word' id='word_1_12' title='bbox 981 452 1147 527; x_wconf 87' lang='lat' dir='ltr'>subjectum</span> <span class='ocrx_word' id='word_1_13' title='bbox 1176 470 1293 511; x_wconf 88' lang='lat' dir='ltr'>sumen·</span> 
     </span>
     <span class='ocr_line' id='line_1_3' title="bbox 212 543 1293 633; baseline 0.003 -23"><span class='ocrx_word' id='word_1_14' title='bbox 212 552 282 611; x_wconf 90' lang='lat' dir='ltr'>dum</span> <span class='ocrx_word' id='word_1_15' title='bbox 304 557 351 611; x_wconf 91' lang='lat' dir='ltr'>est</span> <span class='ocrx_word' id='word_1_16' title='bbox 372 571 411 612; x_wconf 88' lang='lat' dir='ltr'>ex</span> <span class='ocrx_word' id='word_1_17' title='bbox 433 543 515 622; x_wconf 76' lang='grc' dir='ltr'><strong><em>οῧτις</em></strong></span> <span class='ocrx_word' id='word_1_18' title='bbox 530 552 623 623; x_wconf 79' lang='grc' dir='ltr'><strong><em>θεοῖν,</em></strong></span> <span class='ocrx_word' id='word_1_19' title='bbox 647 573 745 633; x_wconf 88' lang='lat' dir='ltr'>neque</span> <span class='ocrx_word' id='word_1_20' title='bbox 765 552 910 612; x_wconf 77' lang='lat' dir='ltr'>dissimile</span> <span class='ocrx_word' id='word_1_21' title='bbox 933 559 978 612; x_wconf 87' lang='lat' dir='ltr'>est</span> <span class='ocrx_word' id='word_1_22' title='bbox 999 552 1040 612; x_wconf 89' lang='lat' dir='ltr'>ib.</span> <span class='ocrx_word' id='word_1_23' title='bbox 1058 558 1097 611; x_wconf 89' lang='grc'>69</span> <span class='ocrx_word' id='word_1_24' title='bbox 1122 553 1234 632; x_wconf 86' lang='lat' dir='ltr'>(Schol.</span> <span class='ocrx_word' id='word_1_25' title='bbox 1251 555 1293 613; x_wconf 89' lang='grc' dir='ltr'>Μ.</span> 
     </span>
     <span class='ocr_line' id='line_1_4' title="bbox 212 646 1294 734; baseline 0.005 -23"><span class='ocrx_word' id='word_1_26' title='bbox 212 652 305 714; x_wconf 85' lang='grc' dir='ltr'><strong><em>λελιτει</em></strong></span> <span class='ocrx_word' id='word_1_27' title='bbox 334 646 367 713; x_wconf 77' lang='lat' dir='ltr'>sd</span> <span class='ocrx_word' id='word_1_28' title='bbox 398 655 463 733; x_wconf 88' lang='grc' dir='ltr'><strong><em>τις).</em></strong></span> <span class='ocrx_word' id='word_1_29' title='bbox 491 688 533 698; x_wconf 92' lang='grc'>-</span> <span class='ocrx_word' id='word_1_30' title='bbox 563 654 622 714; x_wconf 83' lang='lat' dir='ltr'>Sed</span> <span class='ocrx_word' id='word_1_31' title='bbox 650 655 738 715; x_wconf 88' lang='lat' dir='ltr'>mitto</span> <span class='ocrx_word' id='word_1_32' title='bbox 767 656 855 734; x_wconf 87' lang='lat' dir='ltr'>plura</span> <span class='ocrx_word' id='word_1_33' title='bbox 884 655 1040 716; x_wconf 88' lang='lat' dir='ltr'>nominare</span> <span class='ocrx_word' id='word_1_34' title='bbox 1071 656 1209 734; x_wconf 84' lang='lat' dir='ltr'>exempla</span> <span class='ocrx_word' id='word_1_35' title='bbox 1235 657 1294 716; x_wconf 91' lang='lat' dir='ltr'>hoc</span> 
     </span>
     <span class='ocr_line' id='line_1_5' title="bbox 212 757 1294 837; baseline 0.002 -21"><span class='ocrx_word' id='word_1_36' title='bbox 212 777 306 817; x_wconf 91' lang='lat' dir='ltr'>unum</span> <span class='ocrx_word' id='word_1_37' title='bbox 327 777 428 832; x_wconf 85' lang='lat' dir='ltr'>agens,</span> <span class='ocrx_word' id='word_1_38' title='bbox 456 758 540 818; x_wconf 87' lang='lat' dir='ltr'>loeus</span> <span class='ocrx_word' id='word_1_39' title='bbox 563 764 597 818; x_wconf 88' lang='lat' dir='ltr'>ut</span> <span class='ocrx_word' id='word_1_40' title='bbox 619 758 745 818; x_wconf 87' lang='lat' dir='ltr'>clariore</span> <span class='ocrx_word' id='word_1_41' title='bbox 768 759 801 817; x_wconf 92' lang='lat' dir='ltr'>in</span> <span class='ocrx_word' id='word_1_42' title='bbox 822 759 890 819; x_wconf 93' lang='lat' dir='ltr'>luce</span> <span class='ocrx_word' id='word_1_43' title='bbox 913 757 1085 837; x_wconf 87' lang='lat' dir='ltr'>collocetur,</span> <span class='ocrx_word' id='word_1_44' title='bbox 1107 764 1142 818; x_wconf 87' lang='lat' dir='ltr'>ut</span> <span class='ocrx_word' id='word_1_45' title='bbox 1164 758 1294 818; x_wconf 85' lang='lat' dir='ltr'>exidiase</span> 
     </span>
     <span class='ocr_line' id='line_1_6' title="bbox 213 861 1295 941; baseline -0.001 -20"><span class='ocrx_word' id='word_1_46' title='bbox 213 880 336 939; x_wconf 89' lang='lat' dir='ltr'>prorsus</span> <span class='ocrx_word' id='word_1_47' title='bbox 359 861 436 919; x_wconf 89' lang='lat' dir='ltr'>nihil</span> <span class='ocrx_word' id='word_1_48' title='bbox 459 867 611 939; x_wconf 80' lang='lat' dir='ltr'><strong>appareat.</strong></span> <span class='ocrx_word' id='word_1_49' title='bbox 654 861 762 941; x_wconf 87' lang='lat' dir='ltr'>Itaque</span> <span class='ocrx_word' id='word_1_50' title='bbox 785 861 875 922; x_wconf 87' lang='lat' dir='ltr'>redeo</span> <span class='ocrx_word' id='word_1_51' title='bbox 897 863 935 921; x_wconf 91' lang='lat' dir='ltr'>ad</span> <span class='ocrx_word' id='word_1_52' title='bbox 962 883 1050 923; x_wconf 90' lang='lat' dir='ltr'>usum</span> <span class='ocrx_word' id='word_1_53' title='bbox 1072 862 1228 940; x_wconf 77' lang='lat' dir='ltr'>adjectivi,</span> <span class='ocrx_word' id='word_1_54' title='bbox 1258 864 1295 920; x_wconf 94' lang='lat' dir='ltr'>de</span> 
     </span>
     <span class='ocr_line' id='line_1_7' title="bbox 213 956 1296 1044; baseline 0.001 -21"><span class='ocrx_word' id='word_1_55' title='bbox 213 982 272 1043; x_wconf 91' lang='lat' dir='ltr'>quo</span> <span class='ocrx_word' id='word_1_56' title='bbox 295 963 474 1044; x_wconf 75' lang='lat' dir='ltr'>quaerimus.</span> <span class='ocrx_word' id='word_1_57' title='bbox 520 963 712 1024; x_wconf 83' lang='lat' dir='ltr'>Absolute</span> <span class='ocrx_word' id='word_1_58' title='bbox 738 956 939 1044; x_wconf 77' lang='grc' dir='ltr'><strong><em>λυμαντήριος</em></strong></span> <span class='ocrx_word' id='word_1_59' title='bbox 959 970 1123 1043; x_wconf 88' lang='lat' dir='ltr'>usurpatur</span> <span class='ocrx_word' id='word_1_60' title='bbox 1143 966 1193 1026; x_wconf 87' lang='lat' dir='ltr'>Pr.</span> <span class='ocrx_word' id='word_1_61' title='bbox 1217 970 1296 1024; x_wconf 83' lang='lat'><strong>990:</strong></span> 
     </span>
     <span class='ocr_line' id='line_1_8' title="bbox 213 1059 836 1150; baseline 0.002 -25"><span class='ocrx_word' id='word_1_62' title='bbox 213 1063 284 1147; x_wconf 85' lang='grc' dir='ltr'><strong><em>ττρλν</em></strong></span> <span class='ocrx_word' id='word_1_63' title='bbox 306 1059 344 1125; x_wconf 81' lang='lat' dir='ltr'>div</span> <span class='ocrx_word' id='word_1_64' title='bbox 364 1066 503 1150; x_wconf 73' lang='grc' dir='ltr'><strong><em>χαλασθῇ</em></strong></span> <span class='ocrx_word' id='word_1_65' title='bbox 525 1059 619 1142; x_wconf 76' lang='grc' dir='ltr'><strong><em>δεσμοὶ</em></strong></span> <span class='ocrx_word' id='word_1_66' title='bbox 641 1060 836 1144; x_wconf 74' lang='grc' dir='ltr'><strong><em>λυμαντήρια.</em></strong></span> 
     </span>
    </p>

    <p class='ocr_par' dir='ltr' id='par_1_3' title="bbox 211 1162 1297 1764">
     <span class='ocr_line' id='line_1_9' title="bbox 299 1162 1295 1249; baseline 0.004 -21"><span class='ocrx_word' id='word_1_67' title='bbox 299 1171 331 1245; x_wconf 93' lang='grc'>9)</span> <span class='ocrx_word' id='word_1_68' title='bbox 354 1162 602 1249; x_wconf 82' lang='grc' dir='ltr'><strong><em>θρεπτήριος.</em></strong></span> <span class='ocrx_word' id='word_1_69' title='bbox 649 1171 722 1230; x_wconf 77' lang='grc' dir='ltr'><strong><em>Ουτοι</em></strong></span> <span class='ocrx_word' id='word_1_70' title='bbox 751 1169 930 1248; x_wconf 80' lang='lat' dir='ltr'>pronomine</span> <span class='ocrx_word' id='word_1_71' title='bbox 959 1172 1128 1248; x_wconf 77' lang='lat' dir='ltr'>possessivo</span> <span class='ocrx_word' id='word_1_72' title='bbox 1161 1169 1295 1246; x_wconf 82' lang='lat' dir='ltr'>genetivi</span> 
     </span>
     <span class='ocr_line' id='line_1_10' title="bbox 212 1271 1296 1352; baseline -0.002 -19"><span class='ocrx_word' id='word_1_73' title='bbox 212 1272 400 1352; x_wconf 83' lang='lat' dir='ltr'>pronominis</span> <span class='ocrx_word' id='word_1_74' title='bbox 421 1272 590 1351; x_wconf 85' lang='lat' dir='ltr'>personalis</span> <span class='ocrx_word' id='word_1_75' title='bbox 616 1271 682 1333; x_wconf 93' lang='lat' dir='ltr'>loco</span> <span class='ocrx_word' id='word_1_76' title='bbox 705 1272 803 1351; x_wconf 86' lang='lat' dir='ltr'>posito</span> <span class='ocrx_word' id='word_1_77' title='bbox 827 1274 1030 1349; x_wconf 79' lang='lat' dir='ltr'>coagmentari</span> <span class='ocrx_word' id='word_1_78' title='bbox 1053 1294 1141 1352; x_wconf 86' lang='lat' dir='ltr'>posse</span> <span class='ocrx_word' id='word_1_79' title='bbox 1164 1275 1222 1333; x_wconf 91' lang='lat' dir='ltr'>hoo</span> <span class='ocrx_word' id='word_1_80' title='bbox 1244 1274 1296 1331; x_wconf 89' lang='lat' dir='ltr'>ad-</span> 
     </span>
     <span class='ocr_line' id='line_1_11' title="bbox 211 1358 1297 1457; baseline -0.002 -21"><span class='ocrx_word' id='word_1_81' title='bbox 211 1376 357 1454; x_wconf 88' lang='lat' dir='ltr'>jectivum</span> <span class='ocrx_word' id='word_1_82' title='bbox 380 1375 574 1452; x_wconf 82' lang='lat' dir='ltr'>cognoscitur</span> <span class='ocrx_word' id='word_1_83' title='bbox 594 1375 661 1437; x_wconf 89' lang='lat' dir='ltr'>loco</span> <span class='ocrx_word' id='word_1_84' title='bbox 684 1377 738 1437; x_wconf 84' lang='lat' dir='ltr'>ch.</span> <span class='ocrx_word' id='word_1_85' title='bbox 762 1381 840 1436; x_wconf 78' lang='lat'><strong>532:</strong></span> <span class='ocrx_word' id='word_1_86' title='bbox 862 1358 973 1452; x_wconf 76' lang='grc' dir='ltr'><strong><em>μαστόν</em></strong></span> <span class='ocrx_word' id='word_1_87' title='bbox 996 1372 1090 1454; x_wconf 73' lang='grc' dir='ltr'><strong><em>ἐμόν</em></strong></span> <span class='ocrx_word' id='word_1_88' title='bbox 1111 1369 1297 1457; x_wconf 74' lang='grc' dir='ltr'><strong><em>θρεπτήριον</em></strong></span> 
     </span>
     <span class='ocr_line' id='line_1_12' title="bbox 214 1475 1295 1560; baseline 0 -22"><span class='ocrx_word' id='word_1_89' title='bbox 214 1479 385 1560; x_wconf 85' lang='lat' dir='ltr'>(Schiitzius</span> <span class='ocrx_word' id='word_1_90' title='bbox 407 1475 504 1556; x_wconf 78' lang='grc' dir='ltr'><strong><em>ἐμοῦ).</em></strong></span> <span class='ocrx_word' id='word_1_91' title='bbox 522 1513 563 1522; x_wconf 91' lang='lat'>-</span> <span class='ocrx_word' id='word_1_92' title='bbox 585 1480 655 1539; x_wconf 88' lang='lat' dir='ltr'>Non</span> <span class='ocrx_word' id='word_1_93' title='bbox 677 1479 776 1539; x_wconf 89' lang='lat' dir='ltr'>minus</span> <span class='ocrx_word' id='word_1_94' title='bbox 797 1479 965 1540; x_wconf 83' lang='lat' dir='ltr'>insolenter</span> <span class='ocrx_word' id='word_1_95' title='bbox 985 1480 1142 1557; x_wconf 86' lang='lat' dir='ltr'>passive</span> <span class='ocrx_word' id='word_1_96' title='bbox 1163 1478 1295 1558; x_wconf 88' lang='lat' dir='ltr'>positum</span> 
     </span>
     <span class='ocr_line' id='line_1_13' title="bbox 214 1573 1297 1665; baseline -0.003 -21"><span class='ocrx_word' id='word_1_97' title='bbox 214 1588 260 1645; x_wconf 86' lang='lat' dir='ltr'>est</span> <span class='ocrx_word' id='word_1_98' title='bbox 281 1585 336 1644; x_wconf 84' lang='lat' dir='ltr'>ch.</span> <span class='ocrx_word' id='word_1_99' title='bbox 360 1589 395 1642; x_wconf 85' lang='lat'>6:</span> <span class='ocrx_word' id='word_1_100' title='bbox 424 1575 579 1659; x_wconf 81' lang='grc' dir='ltr'><strong><em>πλόκαμον</em></strong></span> <span class='ocrx_word' id='word_1_101' title='bbox 599 1574 701 1665; x_wconf 72' lang='grc' dir='ltr'><strong><em>Ἰνάχῳ</em></strong></span> <span class='ocrx_word' id='word_1_102' title='bbox 730 1573 917 1663; x_wconf 75' lang='grc' dir='ltr'><strong><em>θρεπτήριον</em></strong></span> <span class='ocrx_word' id='word_1_103' title='bbox 946 1583 1058 1644; x_wconf 90' lang='lat' dir='ltr'>crinem</span> <span class='ocrx_word' id='word_1_104' title='bbox 1080 1584 1194 1644; x_wconf 88' lang='lat' dir='ltr'>Inacho</span> <span class='ocrx_word' id='word_1_105' title='bbox 1222 1602 1297 1656; x_wconf 90' lang='lat' dir='ltr'>„nu-</span> 
     </span>
     <span class='ocr_line' id='line_1_14' title="bbox 213 1685 1296 1764; baseline -0.001 -17"><span class='ocrx_word' id='word_1_106' title='bbox 213 1686 339 1747; x_wconf 87' lang='lat' dir='ltr'>tritum“</span> <span class='ocrx_word' id='word_1_107' title='bbox 369 1687 406 1746; x_wconf 84' lang='lat' dir='ltr'>of.</span> <span class='ocrx_word' id='word_1_108' title='bbox 428 1685 536 1749; x_wconf 81' lang='lat' dir='ltr'>Blomr.</span> <span class='ocrx_word' id='word_1_109' title='bbox 559 1686 647 1760; x_wconf 83' lang='lat' dir='ltr'>gloss.</span> <span class='ocrx_word' id='word_1_110' title='bbox 677 1706 699 1746; x_wconf 92' lang='lat' dir='ltr'>s.</span> <span class='ocrx_word' id='word_1_111' title='bbox 722 1705 752 1747; x_wconf 91' lang='lat' dir='ltr'>v.</span> <span class='ocrx_word' id='word_1_112' title='bbox 775 1691 806 1745; x_wconf 89' lang='lat' dir='ltr'>et</span> <span class='ocrx_word' id='word_1_113' title='bbox 827 1687 966 1748; x_wconf 88' lang='lat' dir='ltr'>Eustath.</span> <span class='ocrx_word' id='word_1_114' title='bbox 995 1686 1033 1746; x_wconf 87' lang='lat' dir='ltr'>ad</span> <span class='ocrx_word' id='word_1_115' title='bbox 1054 1686 1091 1746; x_wconf 93' lang='lat' dir='ltr'>Il.</span> <span class='ocrx_word' id='word_1_116' title='bbox 1114 1688 1155 1760; x_wconf 90' lang='lat'>11,</span> <span class='ocrx_word' id='word_1_117' title='bbox 1179 1706 1208 1764; x_wconf 86' lang='lat' dir='ltr'>p.</span> <span class='ocrx_word' id='word_1_118' title='bbox 1228 1691 1296 1746; x_wconf 94' lang='grc'><strong>165.</strong></span> 
     </span>
    </p>

    <p class='ocr_par' dir='ltr' id='par_1_4' title="bbox 156 1778 1300 2692">
     <span class='ocr_line' id='line_1_15' title="bbox 303 1778 1296 1871; baseline -0.002 -23"><span class='ocrx_word' id='word_1_119' title='bbox 303 1794 350 1848; x_wconf 89' lang='grc'>10.</span> <span class='ocrx_word' id='word_1_120' title='bbox 372 1781 560 1868; x_wconf 88' lang='grc' dir='ltr'><strong><em>λυτήριος.</em></strong></span> <span class='ocrx_word' id='word_1_121' title='bbox 606 1790 692 1848; x_wconf 85' lang='lat' dir='ltr'>Eum.</span> <span class='ocrx_word' id='word_1_122' title='bbox 717 1794 793 1848; x_wconf 79' lang='lat'>294:</span> <span class='ocrx_word' id='word_1_123' title='bbox 824 1782 898 1860; x_wconf 78' lang='grc' dir='ltr'><strong><em>θεός</em></strong></span> <span class='ocrx_word' id='word_1_124' title='bbox 923 1787 929 1871; x_wconf 82' lang='grc' dir='ltr'>Ι</span> <span class='ocrx_word' id='word_1_125' title='bbox 956 1782 1040 1859; x_wconf 68' lang='lat' dir='ltr'>ducac</span> <span class='ocrx_word' id='word_1_126' title='bbox 1068 1784 1181 1868; x_wconf 80' lang='grc' dir='ltr'><strong><em>γένοιτο</em></strong></span> <span class='ocrx_word' id='word_1_127' title='bbox 1208 1778 1296 1847; x_wconf 78' lang='grc' dir='ltr'><strong><em>τοῖνδ’</em></strong></span> 
     </span>
     <span class='ocr_line' id='line_1_16' title="bbox 215 1882 1295 1971; baseline -0.002 -19"><span class='ocrx_word' id='word_1_128' title='bbox 215 1887 281 1969; x_wconf 77' lang='grc' dir='ltr'><strong><em>ἐμοὶ</em></strong></span> <span class='ocrx_word' id='word_1_129' title='bbox 302 1883 453 1970; x_wconf 70' lang='grc' dir='ltr'><strong><em>λυτήριος.</em></strong></span> <span class='ocrx_word' id='word_1_130' title='bbox 494 1892 531 1951; x_wconf 88' lang='lat' dir='ltr'>de</span> <span class='ocrx_word' id='word_1_131' title='bbox 553 1890 656 1952; x_wconf 89' lang='lat' dir='ltr'>dativo</span> <span class='ocrx_word' id='word_1_132' title='bbox 681 1887 746 1967; x_wconf 72' lang='grc' dir='ltr'><strong><em>ἐμοὶ</em></strong></span> <span class='ocrx_word' id='word_1_133' title='bbox 773 1891 843 1952; x_wconf 88' lang='lat' dir='ltr'>vido</span> <span class='ocrx_word' id='word_1_134' title='bbox 866 1911 957 1971; x_wconf 84' lang='lat' dir='ltr'>supra</span> <span class='ocrx_word' id='word_1_135' title='bbox 977 1915 1007 1971; x_wconf 90' lang='lat' dir='ltr'>p.</span> <span class='ocrx_word' id='word_1_136' title='bbox 1023 1895 1063 1950; x_wconf 87' lang='grc'>65</span> <span class='ocrx_word' id='word_1_137' title='bbox 1087 1912 1110 1950; x_wconf 89' lang='grc' dir='ltr'>ι.</span> <span class='ocrx_word' id='word_1_138' title='bbox 1133 1882 1295 1968; x_wconf 76' lang='grc' dir='ltr'><strong><em>βουλευτή·</em></strong></span> 
     </span>
     <span class='ocr_line' id='line_1_17' title="bbox 156 1986 1298 2075; baseline -0.004 -19"><span class='ocrx_word' id='word_1_139' title='bbox 156 2022 162 2031; x_wconf 72' lang='grc'>’</span> <span class='ocrx_word' id='word_1_140' title='bbox 214 2015 287 2075; x_wconf 91' lang='grc' dir='ltr'><strong><em>ριος.</em></strong></span> <span class='ocrx_word' id='word_1_141' title='bbox 332 1994 551 2056; x_wconf 87' lang='lat' dir='ltr'>Vexatissimus</span> <span class='ocrx_word' id='word_1_142' title='bbox 573 1994 657 2054; x_wconf 90' lang='lat' dir='ltr'>locus</span> <span class='ocrx_word' id='word_1_143' title='bbox 681 2000 726 2054; x_wconf 91' lang='lat' dir='ltr'>est</span> <span class='ocrx_word' id='word_1_144' title='bbox 748 1996 800 2055; x_wconf 84' lang='lat' dir='ltr'>ch.</span> <span class='ocrx_word' id='word_1_145' title='bbox 826 1999 903 2055; x_wconf 74' lang='lat'>8982</span> <span class='ocrx_word' id='word_1_146' title='bbox 930 1991 982 2054; x_wconf 83' lang='grc' dir='ltr'><strong><em>καὶ</em></strong></span> <span class='ocrx_word' id='word_1_147' title='bbox 1004 1986 1064 2054; x_wconf 86' lang='grc' dir='ltr'><strong><em>τότ’</em></strong></span> <span class='ocrx_word' id='word_1_148' title='bbox 1085 1987 1145 2071; x_wconf 77' lang='grc' dir='ltr'>ήδη</span> <span class='ocrx_word' id='word_1_149' title='bbox 1167 1994 1298 2053; x_wconf 83' lang='grc' dir='ltr'><strong><em>ιτλοῦτον</em></strong></span> 
     </span>
     <span class='ocr_line' id='line_1_18' title="bbox 219 2089 1298 2180; baseline 0 -24"><span class='ocrx_word' id='word_1_150' title='bbox 219 2095 223 2180; x_wconf 71' lang='lat' dir='ltr'>l</span> <span class='ocrx_word' id='word_1_151' title='bbox 248 2089 395 2174; x_wconf 77' lang='grc' dir='ltr'><strong><em>δωμάτων</em></strong></span> <span class='ocrx_word' id='word_1_152' title='bbox 416 2089 557 2176; x_wconf 86' lang='grc' dir='ltr'><strong><em>λυτήριον</em></strong></span> <span class='ocrx_word' id='word_1_153' title='bbox 578 2099 638 2157; x_wconf 90' lang='grc' dir='ltr'><strong><em>κτλ.</em></strong></span> <span class='ocrx_word' id='word_1_154' title='bbox 683 2098 794 2159; x_wconf 87' lang='lat' dir='ltr'>Parum</span> <span class='ocrx_word' id='word_1_155' title='bbox 824 2097 905 2159; x_wconf 91' lang='lat' dir='ltr'>enim</span> <span class='ocrx_word' id='word_1_156' title='bbox 936 2101 1053 2159; x_wconf 85' lang='lat' dir='ltr'>constat</span> <span class='ocrx_word' id='word_1_157' title='bbox 1082 2099 1119 2156; x_wconf 88' lang='lat' dir='ltr'>de</span> <span class='ocrx_word' id='word_1_158' title='bbox 1149 2098 1298 2176; x_wconf 88' lang='lat' dir='ltr'>scriptura</span> 
     </span>
     <span class='ocr_line' id='line_1_19' title="bbox 214 2198 1300 2280; baseline -0.003 -20"><span class='ocrx_word' id='word_1_159' title='bbox 214 2202 331 2280; x_wconf 87' lang='lat' dir='ltr'>paritor</span> <span class='ocrx_word' id='word_1_160' title='bbox 345 2206 436 2280; x_wconf 89' lang='lat' dir='ltr'>atque</span> <span class='ocrx_word' id='word_1_161' title='bbox 451 2200 603 2260; x_wconf 87' lang='lat' dir='ltr'>sententia</span> <span class='ocrx_word' id='word_1_162' title='bbox 614 2201 722 2260; x_wconf 87' lang='lat' dir='ltr'>horum</span> <span class='ocrx_word' id='word_1_163' title='bbox 733 2199 961 2262; x_wconf 88' lang='lat' dir='ltr'>versiculorum.</span> <span class='ocrx_word' id='word_1_164' title='bbox 972 2235 1014 2246; x_wconf 89' lang='lat'><em>-</em></span> <span class='ocrx_word' id='word_1_165' title='bbox 1026 2201 1117 2261; x_wconf 77' lang='lat' dir='ltr'>Casus</span> <span class='ocrx_word' id='word_1_166' title='bbox 1129 2201 1214 2259; x_wconf 81' lang='lat' dir='ltr'>deest</span> <span class='ocrx_word' id='word_1_167' title='bbox 1228 2198 1300 2258; x_wconf 87' lang='lat' dir='ltr'>huic</span> 
     </span>
     <span class='ocr_line' id='line_1_20' title="bbox 215 2296 1299 2392; baseline 0.001 -28"><span class='ocrx_word' id='word_1_168' title='bbox 215 2303 365 2382; x_wconf 89' lang='lat' dir='ltr'>adjectivo</span> <span class='ocrx_word' id='word_1_169' title='bbox 387 2304 470 2381; x_wconf 83' lang='lat' dir='ltr'>Sept.</span> <span class='ocrx_word' id='word_1_170' title='bbox 496 2309 556 2364; x_wconf 91' lang='grc'>159</span> <span class='ocrx_word' id='word_1_171' title='bbox 579 2338 621 2348; x_wconf 94' lang='grc'>-</span> <span class='ocrx_word' id='word_1_172' title='bbox 644 2302 782 2380; x_wconf 78' lang='grc' dir='ltr'><strong><em>δαίμονες</em></strong></span> <span class='ocrx_word' id='word_1_173' title='bbox 802 2296 937 2384; x_wconf 87' lang='grc' dir='ltr'><strong><em>λυτήριοι</em></strong></span> <span class='ocrx_word' id='word_1_174' title='bbox 961 2306 1110 2363; x_wconf 83' lang='lat' dir='ltr'>-Eum</span> <span class='ocrx_word' id='word_1_175' title='bbox 1134 2308 1212 2365; x_wconf 81' lang='lat'><strong>636:</strong></span> <span class='ocrx_word' id='word_1_176' title='bbox 1243 2323 1299 2392; x_wconf 86' lang='grc' dir='ltr'>μη·</span> 
     </span>
     <span class='ocr_line' id='line_1_21' title="bbox 214 2399 1298 2487; baseline -0.005 -20"><span class='ocrx_word' id='word_1_177' title='bbox 214 2401 290 2486; x_wconf 83' lang='grc' dir='ltr'><strong><em>χανή</em></strong></span> <span class='ocrx_word' id='word_1_178' title='bbox 319 2399 465 2487; x_wconf 85' lang='grc' dir='ltr'><strong><em>λυτήριος.</em></strong></span> <span class='ocrx_word' id='word_1_179' title='bbox 516 2407 620 2486; x_wconf 81' lang='lat' dir='ltr'>Suppl.</span> <span class='ocrx_word' id='word_1_180' title='bbox 646 2411 742 2467; x_wconf 80' lang='lat'>1039:</span> <span class='ocrx_word' id='word_1_181' title='bbox 771 2405 923 2486; x_wconf 81' lang='grc' dir='ltr'><strong><em>λυτηρίοις</em></strong></span> <span class='ocrx_word' id='word_1_182' title='bbox 951 2410 1105 2483; x_wconf 84' lang='grc' dir='ltr'><strong><em>μηχαναῖς.</em></strong></span> <span class='ocrx_word' id='word_1_183' title='bbox 1153 2406 1195 2465; x_wconf 90' lang='lat' dir='ltr'>ib.</span> <span class='ocrx_word' id='word_1_184' title='bbox 1219 2409 1298 2464; x_wconf 74' lang='lat'>2582</span> 
     </span>
     <span class='ocr_line' id='line_1_22' title="bbox 216 2501 1299 2588; baseline -0.005 -17"><span class='ocrx_word' id='word_1_185' title='bbox 216 2503 331 2571; x_wconf 78' lang='grc' dir='ltr'><strong><em>τούτων</em></strong></span> <span class='ocrx_word' id='word_1_186' title='bbox 353 2502 412 2586; x_wconf 77' lang='grc' dir='ltr'><strong><em>λῖκη</em></strong></span> <span class='ocrx_word' id='word_1_187' title='bbox 431 2513 540 2586; x_wconf 85' lang='grc' dir='ltr'><strong><em>τομαῖα</em></strong></span> <span class='ocrx_word' id='word_1_188' title='bbox 561 2506 613 2570; x_wconf 86' lang='grc' dir='ltr'>καλ</span> <span class='ocrx_word' id='word_1_189' title='bbox 634 2503 758 2588; x_wconf 89' lang='grc' dir='ltr'><strong><em>λυτήρια</em></strong></span> <span class='ocrx_word' id='word_1_190' title='bbox 780 2501 896 2585; x_wconf 76' lang='grc' dir='ltr'><strong><em>πράξας</em></strong></span> <span class='ocrx_word' id='word_1_191' title='bbox 917 2509 1105 2587; x_wconf 76' lang='lat' dir='ltr'>(genetivum</span> <span class='ocrx_word' id='word_1_192' title='bbox 1126 2501 1239 2568; x_wconf 78' lang='grc' dir='ltr'><strong><em>τούτων</em></strong></span> <span class='ocrx_word' id='word_1_193' title='bbox 1260 2509 1299 2566; x_wconf 90' lang='lat' dir='ltr'>ab</span> 
     </span>
     <span class='ocr_line' id='line_1_23' title="bbox 216 2606 1299 2692; baseline -0.005 -19"><span class='ocrx_word' id='word_1_194' title='bbox 216 2606 276 2691; x_wconf 78' lang='grc' dir='ltr'><strong><em>ι’ῖκη</em></strong></span> <span class='ocrx_word' id='word_1_195' title='bbox 292 2634 470 2692; x_wconf 86' lang='lat' dir='ltr'>suspensum</span> <span class='ocrx_word' id='word_1_196' title='bbox 493 2634 558 2673; x_wconf 87' lang='lat' dir='ltr'>esse</span> <span class='ocrx_word' id='word_1_197' title='bbox 575 2613 737 2674; x_wconf 88' lang='lat' dir='ltr'>ostendunt</span> <span class='ocrx_word' id='word_1_198' title='bbox 759 2613 899 2690; x_wconf 81' lang='lat' dir='ltr'>exempla</span> <span class='ocrx_word' id='word_1_199' title='bbox 914 2631 991 2692; x_wconf 87' lang='lat' dir='ltr'>quae</span> <span class='ocrx_word' id='word_1_200' title='bbox 1006 2612 1180 2674; x_wconf 78' lang='lat' dir='ltr'>enumeravi</span> <span class='ocrx_word' id='word_1_201' title='bbox 1201 2633 1230 2690; x_wconf 91' lang='lat' dir='ltr'>p.</span> <span class='ocrx_word' id='word_1_202' title='bbox 1248 2613 1299 2669; x_wconf 85' lang='grc'>31.</span> 
     </span>
    </p>

    <p class='ocr_par' dir='ltr' id='par_1_5' title="bbox 217 2707 1300 3211">
     <span class='ocr_line' id='line_1_24' title="bbox 305 2707 1300 2796; baseline -0.006 -19"><span class='ocrx_word' id='word_1_203' title='bbox 305 2716 356 2795; x_wconf 91' lang='grc'>11)</span> <span class='ocrx_word' id='word_1_204' title='bbox 379 2708 594 2796; x_wconf 77' lang='grc' dir='ltr'><strong><em>ἕλατήριος.</em></strong></span> <span class='ocrx_word' id='word_1_205' title='bbox 640 2717 692 2776; x_wconf 87' lang='lat' dir='ltr'>ch.</span> <span class='ocrx_word' id='word_1_206' title='bbox 717 2721 795 2776; x_wconf 79' lang='lat'><strong>962:</strong></span> <span class='ocrx_word' id='word_1_207' title='bbox 825 2708 898 2775; x_wconf 80' lang='grc' dir='ltr'><strong><em>ὅταν</em></strong></span> <span class='ocrx_word' id='word_1_208' title='bbox 920 2707 974 2790; x_wconf 77' lang='grc' dir='ltr'>ἀφ’</span> <span class='ocrx_word' id='word_1_209' title='bbox 996 2710 1092 2796; x_wconf 79' lang='grc' dir='ltr'><strong><em>ἕστλας</em></strong></span> <span class='ocrx_word' id='word_1_210' title='bbox 1120 2707 1216 2791; x_wconf 80' lang='grc' dir='ltr'><strong><em>μύσος</em></strong></span> <span class='ocrx_word' id='word_1_211' title='bbox 1238 2713 1300 2772; x_wconf 79' lang='grc' dir='ltr'>πᾶν</span> 
     </span>
     <span class='ocr_line' id='line_1_25' title="bbox 217 2810 1299 2904; baseline -0.005 -23"><span class='ocrx_word' id='word_1_212' title='bbox 217 2817 313 2904; x_wconf 75' lang='grc' dir='ltr'><strong><em>ἐλαθῇ</em></strong></span> <span class='ocrx_word' id='word_1_213' title='bbox 335 2821 390 2898; x_wconf 87' lang='grc' dir='ltr'>(Μ.</span> <span class='ocrx_word' id='word_1_214' title='bbox 413 2812 507 2878; x_wconf 78' lang='grc' dir='ltr'><strong><em>ἐλάσει</em></strong></span> <span class='ocrx_word' id='word_1_215' title='bbox 531 2818 664 2881; x_wconf 86' lang='lat' dir='ltr'>correxit</span> <span class='ocrx_word' id='word_1_216' title='bbox 684 2817 851 2897; x_wconf 86' lang='lat' dir='ltr'>Kayserns)</span> <span class='ocrx_word' id='word_1_217' title='bbox 873 2820 1077 2897; x_wconf 81' lang='grc' dir='ltr'><strong><em>καθαρμοῖσιν</em></strong></span> <span class='ocrx_word' id='word_1_218' title='bbox 1100 2810 1176 2877; x_wconf 72' lang='lat' dir='ltr'>dcciv</span> <span class='ocrx_word' id='word_1_219' title='bbox 1198 2813 1299 2892; x_wconf 72' lang='grc' dir='ltr'><strong><em>ἐλατη-</em></strong></span> 
     </span>
     <span class='ocr_line' id='line_1_26' title="bbox 217 2913 1299 3004; baseline -0.006 -20"><span class='ocrx_word' id='word_1_220' title='bbox 217 2923 304 3004; x_wconf 79' lang='grc' dir='ltr'><strong><em>ρίοις.</em></strong></span> <span class='ocrx_word' id='word_1_221' title='bbox 351 2924 461 2983; x_wconf 88' lang='lat' dir='ltr'>Omnes</span> <span class='ocrx_word' id='word_1_222' title='bbox 492 2922 580 2984; x_wconf 86' lang='lat' dir='ltr'>libri:</span> <span class='ocrx_word' id='word_1_223' title='bbox 611 2924 784 3002; x_wconf 80' lang='grc' dir='ltr'><strong><em>καθαρμοῖς</em></strong></span> <span class='ocrx_word' id='word_1_224' title='bbox 812 2913 896 2979; x_wconf 74' lang='lat' dir='ltr'>daco</span> <span class='ocrx_word' id='word_1_225' title='bbox 924 2915 1087 3001; x_wconf 76' lang='grc' dir='ltr'><strong><em>λλατήριον.</em></strong></span> <span class='ocrx_word' id='word_1_226' title='bbox 1138 2920 1299 2980; x_wconf 84' lang='lat' dir='ltr'>Schiitzius</span> 
     </span>
     <span class='ocr_line' id='line_1_27' title="bbox 218 3017 1298 3106; baseline -0.005 -18"><span class='ocrx_word' id='word_1_227' title='bbox 218 3027 403 3090; x_wconf 83' lang='lat' dir='ltr'>emendavit:</span> <span class='ocrx_word' id='word_1_228' title='bbox 434 3028 605 3106; x_wconf 83' lang='grc' dir='ltr'><strong><em>καθαρμοῖς</em></strong></span> <span class='ocrx_word' id='word_1_229' title='bbox 634 3017 711 3086; x_wconf 81' lang='grc' dir='ltr'><strong><em>οῖτοῖν</em></strong></span> <span class='ocrx_word' id='word_1_230' title='bbox 739 3021 913 3103; x_wconf 73' lang='grc' dir='ltr'><strong><em>ἐλατηρίοις.</em></strong></span> <span class='ocrx_word' id='word_1_231' title='bbox 957 3025 1056 3085; x_wconf 85' lang='lat' dir='ltr'>Schol.</span> <span class='ocrx_word' id='word_1_232' title='bbox 1079 3025 1121 3084; x_wconf 85' lang='lat' dir='ltr'>M.</span> <span class='ocrx_word' id='word_1_233' title='bbox 1151 3021 1298 3102; x_wconf 80' lang='lat' dir='ltr'>explicet:</span> 
     </span>
     <span class='ocr_line' id='line_1_28' title="bbox 217 3119 888 3211; baseline -0.006 -19"><span class='ocrx_word' id='word_1_234' title='bbox 217 3123 372 3211; x_wconf 77' lang='grc' dir='ltr'><strong><em>ἐλατήριον</em></strong></span> <span class='ocrx_word' id='word_1_235' title='bbox 394 3123 426 3188; x_wconf 78' lang='grc' dir='ltr'>δὲ</span> <span class='ocrx_word' id='word_1_236' title='bbox 448 3121 481 3189; x_wconf 77' lang='lat' dir='ltr'>vd</span> <span class='ocrx_word' id='word_1_237' title='bbox 505 3121 694 3209; x_wconf 81' lang='grc' dir='ltr'><strong><em>καθαρτικιλν</em></strong></span> <span class='ocrx_word' id='word_1_238' title='bbox 715 3119 888 3208; x_wconf 74' lang='grc' dir='ltr'><strong><em>φάρμακον.</em></strong></span> 
     </span>
    </p>
   </div>
   <div class='ocr_carea' id='block_1_3' title="bbox 745 3321 774 3382">
    <p class='ocr_par' dir='ltr' id='par_1_6' title="bbox 745 3321 774 3382">
     <span class='ocr_line' id='line_1_29' title="bbox 745 3321 774 3382; baseline 0.103 -3"><span class='ocrx_word' id='word_1_239' title='bbox 745 3321 774 3382; x_wconf 94' lang='lat' dir='ltr'>b.</span> 
     </span>
    </p>
   </div>
   <div class='ocr_carea' id='block_1_4' title="bbox 218 3432 1300 4243">
    <p class='ocr_par' dir='ltr' id='par_1_7' title="bbox 218 3432 1300 3930">
     <span class='ocr_line' id='line_1_30' title="bbox 304 3432 1299 3520; baseline -0.004 -19"><span class='ocrx_word' id='word_1_240' title='bbox 304 3439 462 3517; x_wconf 79' lang='lat' dir='ltr'>Adjcetiva</span> <span class='ocrx_word' id='word_1_241' title='bbox 490 3438 524 3498; x_wconf 93' lang='lat' dir='ltr'>in</span> <span class='ocrx_word' id='word_1_242' title='bbox 553 3432 1036 3520; x_wconf 80' lang='grc' dir='ltr'><strong><em>·τήριοςι1οιίιιοο11οοοοιαιο(1ο</em></strong></span> <span class='ocrx_word' id='word_1_243' title='bbox 1059 3457 1115 3497; x_wconf 93' lang='lat' dir='ltr'>nos</span> <span class='ocrx_word' id='word_1_244' title='bbox 1136 3436 1299 3497; x_wconf 89' lang='lat' dir='ltr'>traducunt</span> 
     </span>
     <span class='ocr_line' id='line_1_31' title="bbox 218 3533 1299 3622; baseline -0.001 -20"><span class='ocrx_word' id='word_1_245' title='bbox 218 3543 257 3602; x_wconf 90' lang='lat' dir='ltr'>ad</span> <span class='ocrx_word' id='word_1_246' title='bbox 279 3548 420 3618; x_wconf 83' lang='lat' dir='ltr'>cognata,</span> <span class='ocrx_word' id='word_1_247' title='bbox 452 3561 548 3622; x_wconf 88' lang='lat' dir='ltr'>quae</span> <span class='ocrx_word' id='word_1_248' title='bbox 569 3576 612 3586; x_wconf 92' lang='lat'>—</span> <span class='ocrx_word' id='word_1_249' title='bbox 634 3533 700 3620; x_wconf 89' lang='grc' dir='ltr'><strong><em>τήρ</em></strong></span> <span class='ocrx_word' id='word_1_250' title='bbox 724 3546 762 3601; x_wconf 88' lang='lat' dir='ltr'>et</span> <span class='ocrx_word' id='word_1_251' title='bbox 782 3577 824 3586; x_wconf 89' lang='lat'><strong>—</strong></span> <span class='ocrx_word' id='word_1_252' title='bbox 846 3562 919 3621; x_wconf 79' lang='grc' dir='ltr'><strong><em>τοιρ</em></strong></span> <span class='ocrx_word' id='word_1_253' title='bbox 942 3541 1067 3620; x_wconf 77' lang='lat' dir='ltr'>syllabis</span> <span class='ocrx_word' id='word_1_254' title='bbox 1088 3540 1299 3601; x_wconf 86' lang='lat' dir='ltr'>terminantur.</span> 
     </span>
     <span class='ocr_line' id='line_1_32' title="bbox 219 3643 1300 3724; baseline -0.003 -20"><span class='ocrx_word' id='word_1_255' title='bbox 219 3645 314 3724; x_wconf 82' lang='lat' dir='ltr'>Saepe</span> <span class='ocrx_word' id='word_1_256' title='bbox 335 3646 416 3705; x_wconf 89' lang='lat' dir='ltr'>enim</span> <span class='ocrx_word' id='word_1_257' title='bbox 438 3647 476 3705; x_wconf 88' lang='lat' dir='ltr'>ab</span> <span class='ocrx_word' id='word_1_258' title='bbox 492 3645 642 3723; x_wconf 78' lang='lat' dir='ltr'>Aeschylo</span> <span class='ocrx_word' id='word_1_259' title='bbox 665 3645 836 3720; x_wconf 90' lang='lat' dir='ltr'>hujusmodi</span> <span class='ocrx_word' id='word_1_260' title='bbox 858 3663 947 3707; x_wconf 85' lang='lat' dir='ltr'>voces</span> <span class='ocrx_word' id='word_1_261' title='bbox 966 3664 1027 3703; x_wconf 91' lang='lat' dir='ltr'>non</span> <span class='ocrx_word' id='word_1_262' title='bbox 1043 3643 1300 3705; x_wconf 87' lang='lat' dir='ltr'>substantivorum</span> 
     </span>
     <span class='ocr_line' id='line_1_33' title="bbox 220 3747 1300 3826; baseline 0.002 -18"><span class='ocrx_word' id='word_1_263' title='bbox 220 3750 271 3810; x_wconf 86' lang='lat' dir='ltr'>sed</span> <span class='ocrx_word' id='word_1_264' title='bbox 293 3748 511 3825; x_wconf 87' lang='lat' dir='ltr'>adjectivorum</span> <span class='ocrx_word' id='word_1_265' title='bbox 533 3749 630 3809; x_wconf 84' lang='lat' dir='ltr'>instar</span> <span class='ocrx_word' id='word_1_266' title='bbox 652 3768 716 3807; x_wconf 86' lang='lat' dir='ltr'>osse</span> <span class='ocrx_word' id='word_1_267' title='bbox 738 3748 853 3826; x_wconf 89' lang='lat' dir='ltr'>positas</span> <span class='ocrx_word' id='word_1_268' title='bbox 875 3753 945 3809; x_wconf 86' lang='lat' dir='ltr'>ante</span> <span class='ocrx_word' id='word_1_269' title='bbox 966 3747 1151 3808; x_wconf 83' lang='lat' dir='ltr'>Brunelsium</span> <span class='ocrx_word' id='word_1_270' title='bbox 1170 3749 1233 3825; x_wconf 88' lang='lat' dir='ltr'>jam</span> <span class='ocrx_word' id='word_1_271' title='bbox 1255 3747 1300 3810; x_wconf 89' lang='lat' dir='ltr'>vi-</span> 
     </span>
     <span class='ocr_line' id='line_1_34' title="bbox 221 3851 1154 3930; baseline -0.002 -19"><span class='ocrx_word' id='word_1_272' title='bbox 221 3853 266 3912; x_wconf 89' lang='lat' dir='ltr'>dit</span> <span class='ocrx_word' id='word_1_273' title='bbox 286 3853 480 3927; x_wconf 82' lang='lat' dir='ltr'>Abresehius,</span> <span class='ocrx_word' id='word_1_274' title='bbox 503 3858 538 3912; x_wconf 88' lang='lat' dir='ltr'>ut</span> <span class='ocrx_word' id='word_1_275' title='bbox 558 3856 661 3913; x_wconf 90' lang='lat' dir='ltr'>monet</span> <span class='ocrx_word' id='word_1_276' title='bbox 682 3851 843 3911; x_wconf 83' lang='lat' dir='ltr'>Sohiitzius</span> <span class='ocrx_word' id='word_1_277' title='bbox 865 3852 903 3911; x_wconf 90' lang='lat' dir='ltr'>ad</span> <span class='ocrx_word' id='word_1_278' title='bbox 925 3852 1007 3930; x_wconf 85' lang='lat' dir='ltr'>Sept.</span> <span class='ocrx_word' id='word_1_279' title='bbox 1029 3873 1059 3915; x_wconf 87' lang='lat' dir='ltr'>v.</span> <span class='ocrx_word' id='word_1_280' title='bbox 1084 3857 1154 3911; x_wconf 79' lang='lat'><strong>209.</strong></span> 
     </span>
    </p>

    <p class='ocr_par' dir='ltr' id='par_1_8' title="bbox 305 3947 1299 4036">
     <span class='ocr_line' id='line_1_35' title="bbox 305 3947 1299 4036; baseline -0.002 -21"><span class='ocrx_word' id='word_1_281' title='bbox 305 3956 338 4036; x_wconf 85' lang='grc' dir='ltr'><strong><em>α)</em></strong></span> <span class='ocrx_word' id='word_1_282' title='bbox 360 3955 510 4034; x_wconf 87' lang='lat' dir='ltr'>adjectiva</span> <span class='ocrx_word' id='word_1_283' title='bbox 531 3955 564 4016; x_wconf 91' lang='lat' dir='ltr'>in</span> <span class='ocrx_word' id='word_1_284' title='bbox 586 3947 641 4034; x_wconf 90' lang='grc' dir='ltr'><strong><em>τήρ</em></strong></span> <span class='ocrx_word' id='word_1_285' title='bbox 658 3954 804 4015; x_wconf 87' lang='lat' dir='ltr'>cedentia.</span> <span class='ocrx_word' id='word_1_286' title='bbox 836 3956 874 4015; x_wconf 85' lang='lat' dir='ltr'>cf.</span> <span class='ocrx_word' id='word_1_287' title='bbox 897 3947 1021 4034; x_wconf 81' lang='grc' dir='ltr'><strong><em>δαϊκτήρ</em></strong></span> <span class='ocrx_word' id='word_1_288' title='bbox 1038 3947 1109 4034; x_wconf 79' lang='grc' dir='ltr'><strong><em>γόος</em></strong></span> <span class='ocrx_word' id='word_1_289' title='bbox 1130 3954 1210 4033; x_wconf 80' lang='lat' dir='ltr'>Sept</span> <span class='ocrx_word' id='word_1_290' title='bbox 1227 3959 1299 4013; x_wconf 86' lang='grc'><strong>893.</strong></span> 
     </span>
    </p>

    <p class='ocr_par' dir='ltr' id='par_1_9' title="bbox 220 4048 1300 4243">
     <span class='ocr_line' id='line_1_36' title="bbox 310 4048 1300 4138; baseline -0.004 -20"><span class='ocrx_word' id='word_1_291' title='bbox 310 4059 340 4138; x_wconf 91' lang='grc'>1)</span> <span class='ocrx_word' id='word_1_292' title='bbox 363 4050 582 4138; x_wconf 88' lang='grc' dir='ltr'><strong><em>μαστικτήρ.</em></strong></span> <span class='ocrx_word' id='word_1_293' title='bbox 616 4059 813 4137; x_wconf 74' lang='grc' dir='ltr'>Βαρρ1.449;</span> <span class='ocrx_word' id='word_1_294' title='bbox 837 4048 954 4134; x_wconf 81' lang='grc' dir='ltr'><strong><em>ἤκουσα</em></strong></span> <span class='ocrx_word' id='word_1_295' title='bbox 969 4057 1152 4137; x_wconf 78' lang='grc' dir='ltr'><strong><em>μαστικτῆρα</em></strong></span> <span class='ocrx_word' id='word_1_296' title='bbox 1174 4054 1300 4136; x_wconf 72' lang='grc' dir='ltr'><strong><em>καρδίας</em></strong></span> 
     </span>
     <span class='ocr_line' id='line_1_37' title="bbox 220 4153 1299 4243; baseline 0.001 -23"><span class='ocrx_word' id='word_1_297' title='bbox 220 4153 319 4241; x_wconf 76' lang='grc' dir='ltr'><strong><em>λόγον.</em></strong></span> <span class='ocrx_word' id='word_1_298' title='bbox 353 4163 535 4243; x_wconf 79' lang='grc' dir='ltr'><strong><em>μαστικτῆρα</em></strong></span> <span class='ocrx_word' id='word_1_299' title='bbox 558 4161 726 4233; x_wconf 86' lang='lat' dir='ltr'>emendatio</span> <span class='ocrx_word' id='word_1_300' title='bbox 750 4166 796 4220; x_wconf 88' lang='lat' dir='ltr'>ost</span> <span class='ocrx_word' id='word_1_301' title='bbox 817 4162 935 4222; x_wconf 67' lang='lat' dir='ltr'>aurati.</span> <span class='ocrx_word' id='word_1_302' title='bbox 969 4162 1008 4223; x_wconf 94' lang='lat' dir='ltr'>In</span> <span class='ocrx_word' id='word_1_303' title='bbox 1030 4162 1073 4221; x_wconf 90' lang='grc' dir='ltr'>Μ.</span> <span class='ocrx_word' id='word_1_304' title='bbox 1095 4160 1221 4234; x_wconf 79' lang='lat' dir='ltr'>legitur:</span> <span class='ocrx_word' id='word_1_305' title='bbox 1244 4181 1299 4238; x_wconf 83' lang='grc' dir='ltr'><strong><em>μα-</em></strong></span> 
     </span>
    </p>
   </div>
   <div class='ocr_carea' id='block_1_5' title="bbox 0 0 1442 4590">
    <p class='ocr_par' dir='ltr' id='par_1_10' title="bbox 0 0 1442 4590">
     <span class='ocr_line' id='line_1_38' title="bbox 0 0 1442 4590; baseline 0 0"><span class='ocrx_word' id='word_1_306' title='bbox 0 0 1442 4590; x_wconf 95' lang='lat' dir='ltr'> </span> 
     </span>
    </p>
   </div>
  </div>
 </body>
</html>
