2850 4590
714 285 929 368 ..307

284 438 419 517 (‚,amicis
452 459 513 499 non
549 439 780 519 obsequentes“)
814 438 983 499 rectissime
1017 440 1077 498 huc
1107 441 1193 516 jubet
1226 438 1367 500 revocari

283 562 313 602 v.
331 547 401 602 665.
436 542 624 602 conferenda
640 562 694 618 ego
712 562 818 603 censae
834 563 898 603 esse
915 562 1007 622 quum
1024 562 1150 621 eaquae
1166 541 1278 619 scripta
1294 545 1366 600 sunt

284 665 315 706 v.
332 650 409 704 695:
432 645 529 704 πιθοῦ
546 640 690 723 γυναιξίν,
706 644 812 721 καίπερ
830 638 866 703 ού
884 640 1013 724 στέργων
1027 638 1110 721 ὅμως
1125 648 1156 704 et
1170 665 1247 726 quae
1263 647 1366 705 subse·

284 753 418 828 quuntur
438 751 504 808 tum
526 748 625 826 ipsum
650 751 749 808 totum
771 746 904 808 Eteoclis
926 747 1147 827 mulierumque
1170 745 1364 827 colloquium.

283 852 357 910 Cum
386 850 529 926 genetivo
559 856 711 929 postremo
741 871 802 910 non
829 848 1011 909 insolentius
1041 851 1199 910 dumtaxat
1228 853 1364 910 constru-

284 958 365 1014 ctum
388 958 434 1014 est
450 952 633 1031 adjectivum
655 944 781 1023 ύπτστος
803 973 892 1033 quam
916 973 951 1012 ea
973 937 1131 1031 quaejam
1152 952 1243 1013 nobis
1264 973 1295 1012 se
1318 953 1363 1011 of-

282 1057 401 1117 fenmt:

370 1155 589 1238 ἐπίρροθος
611 1157 810 1238 (Hesychiust
843 1153 1026 1236 ἐπίρροθος.Ι
1057 1149 1177 1236 ίσχυρύς
1198 1151 1364 1235 ἐπίκουρος

283 1254 421 1340 βοηθός).
466 1262 548 1340 Sept.
565 1267 643 1321 351:
677 1255 819 1338 νύκτερον
841 1256 922 1329 τέλος
950 1261 1048 1336 μολεῖν
1067 1255 1072 1343 Ι
1092 1252 1288 1339 παγκλαύτων
1316 1249 1364 1319 tt-

285 1363 358 1445 γίων
389 1360 562 1442 ἐπίρροθον.
607 1364 784 1425 Schiitnius:
815 1363 1007 1441 „spes-finem
1035 1362 1189 1424 flebilibus
1212 1361 1364 1422 aerumnis

282 1467 490 1545 impositura.“
533 1469 741 1528 Hermannus:
764 1468 928 1544 „adjuvans
951 1470 1041 1546 atque
1061 1487 1173 1542 augens
1194 1465 1364 1525 lacrimas“.

370 1562 530 1650 ύρωγύς.
574 1572 661 1630 Eum.
678 1573 756 1630 482:
779 1561 883 1647 ύρωγύ
905 1569 958 1645 τῆς
972 1567 1058 1644 δίκης
1074 1559 1242 1647 ὁρκώματα.
1279 1567 1363 1632 Quae

283 1676 379 1736 verba
400 1677 470 1751 apte
492 1695 510 1732 a
530 1674 688 1752 Droyseno
712 1676 783 1733 sunt
806 1691 950 1732 conversa
972 1670 1082 1745 „uida
1112 1692 1184 1732 euer
1204 1671 1303 1731 Recht
1324 1690 1364 1730 zu

285 1780 433 1837 stiitzen“.
458 1776 570 1836 confer.
592 1775 683 1853 Soph.
706 1776 754 1835 El.
773 1779 869 1835 1381:
892 1775 980 1855 γενοῦ
995 1767 1141 1854 πρόφρων
1158 1765 1229 1851 ἡμῖν
1245 1765 1364 1852 ύρωγύς

283 1876 377 1939 ταῖνδε
405 1880 464 1938 τῶν
486 1871 702 1954 βουλευμάτων.
746 1877 795 1937 Ai.
816 1877 895 1937 357:
926 1873 1011 1957 γένος
1038 1876 1125 1946 ναΐας
1153 1869 1272 1956 ἆρωγύν
1302 1871 1363 1953 τίχ-

284 2004 344 2054 τας.
370 2017 410 2026 -
432 1980 622 2044 substantivi
639 1985 776 2040 naturam
791 1980 926 2040 induisse
941 1983 999 2040 hoo
1014 1979 1197 2058 adjectivum
1219 1980 1272 2039 oh.
1286 1983 1362 2038 364:

284 2087 345 2146 τῶν
365 2079 418 2160 μὲν
434 2079 546 2165 ἀρωγοί
562 2076 636 2143 carol
659 2084 713 2164 γᾶς
726 2075 785 2160 ἤδη
807 2083 894 2143 testis
918 2087 964 2143 est
978 2083 1160 2144 Scholiastes
1176 2085 1234 2142 M.:
1257 2074 1336 2159 ύμῶ
1347 2104 1364 2139 υ

284 2186 315 2248 ol
335 2179 482 2264 σύμμαχοι
504 2184 535 2246 ol
560 2182 627 2264 περὶ
648 2177 867 2266 Ἀγαμέμνονα,
899 2206 1078 2266 quamquam
1106 2191 1227 2246 nostrae
1254 2185 1363 2245 aetatis

283 2292 465 2369 interpretes
481 2289 570 2350 aliter
585 2291 714 2350 enodare
729 2291 829 2351 locum
847 2291 929 2351 hunc
944 2289 1159 2350 difficillimum
1180 2311 1241 2350 non
1255 2289 1363 2365 ignoro

284 2395 327 2474 (v.
350 2393 487 2455 Sohiitzii
509 2399 541 2454 et
561 2393 708 2453 Klauseni
731 2393 961 2468 adnotationes).

369 2497 467 2575 Hujus
490 2495 608 2572 generis
632 2495 781 2574 adjectiva
811 2516 903 2576 quum
925 2496 1101 2572 genetivum
1132 2496 1191 2558 sibi
1218 2496 1288 2556 addi
1310 2517 1362 2573 pa-

283 2601 414 2676 tiantur,
444 2602 590 2661 habemus
620 2601 700 2680 quod
722 2599 807 2680 sequi
829 2598 977 2677 possimus
999 2601 1032 2661 in
1054 2600 1249 2661 describendo
1273 2619 1366 2674 gene-

284 2705 349 2767 tivo
378 2724 466 2784 quem
488 2695 741 2783 depiehendimus
764 2704 817 2764 ch.
835 2709 912 2764 692:
945 2697 1005 2762 ἀλλ’
1032 2697 1100 2763 ἔσθ’
1127 2694 1146 2762 d
1167 2696 1271 2782 καιρύς
1293 2692 1363 2778 ἡμε-

285 2799 427 2886 ρεύοντας
453 2801 556 2877 ξένους
583 2806 698 2882 μακρᾶς
725 2798 872 2864 κελεύθου
901 2799 1055 2886 τυγχάνειν
1083 2799 1124 2865 τύ
1152 2799 1224 2883 πρό
1231 2821 1361 2883 σφορα.

284 2910 459 2971 Mirandum
482 2909 630 2989 estquod
658 2909 797 2983 fuerunt,
827 2909 880 2990 qui
908 2909 996 2970 illum
1018 2915 1122 2994 aptum
1144 2931 1208 2969 esse
1232 2931 1269 2969 ex
1291 2898 1361 2985 ἡμε-

284 3004 424 3092 ρεύοντας
445 3012 614 3073 firmissime
637 3013 851 3073 adseverarent
873 3014 960 3074 velut
980 3014 1119 3073 Bernh.
1135 3013 1221 3092 Synt.
1243 3033 1272 3090 p.
1292 3014 1361 3071 145.

283 3117 397 3177 Verum
418 3115 498 3178 vidit
510 3114 696 3177 Abreschius
703 3160 711 3189 ,
735 3117 814 3195 quod
829 3117 937 3191 sciam,
961 3116 1092 3194 primus3
1116 3116 1167 3197 qui
1190 3115 1255 3195 pari
1278 3134 1363 3194 pror-

285 3243 334 3281 sus
363 3219 481 3280 ratione
504 3210 681 3296 πρόσφορος
712 3223 917 3279 constructum
945 3219 1066 3281 invenit
1088 3221 1168 3280 Eur.
1190 3220 1259 3278 Hel.
1285 3221 1361 3276 508:

285 3315 320 3383 rol
342 3315 503 3402 πρόσφορα
531 3325 585 3399 τῆς
607 3324 661 3381 νῦν
684 3315 837 3401 παρούσης
859 3324 1033 3402 συμφορᾶς,
1064 3323 1118 3384 ubi
1144 3322 1265 3404 quidem
1293 3342 1361 3399 per·

283 3447 387 3504 peram
408 3425 549 3486 Reislrius
572 3424 708 3487 dativum
731 3418 899 3504 παρούσαις
920 3429 1090 3505 συμφοραῖς
1110 3427 1271 3502 legendum
1292 3445 1362 3503 pro-

283 3528 393 3608 posuit.
422 3561 465 3572 -
493 3528 638 3602 Iletivus,
669 3526 722 3608 qui
751 3548 810 3608 qua
839 3549 872 3589 re
895 3527 1039 3589 dissideat
1070 3529 1250 3604 agenetivo
1271 3527 1361 3587 facile

283 3631 480 3707 intelligitur,
504 3631 620 3709 positus
637 3635 683 3691 ast
699 3632 786 3691 Eum.
804 3636 879 3692 205:
904 3626 940 3691 ού
957 3624 1012 3712 γύρ
1031 3626 1150 3708 δόμοισι
1172 3629 1269 3691 τοῖσδε
1286 3622 1360 3708 πρύ-

284 3752 401 3814 σφορον
423 3735 531 3811 μολεῖν.
576 3735 630 3795 ch.
648 3740 727 3794 695:
761 3725 848 3793 κύκεῖ
874 3726 1048 3813 κυρούντων
1078 3729 1212 3811 σύμαστν
1234 3736 1288 3814 (Μ.
1305 3727 1361 3793 dei-

285 3853 355 3915 μασε
386 3839 466 3917 quod
492 3837 630 3915 ineptum
659 3839 717 3916 est)
741 3830 777 3897 τύ
806 3832 975 3917 πρόσφορα.
1006 3869 1048 3881 -
1077 3838 1279 3899 Insolentiore
1308 3837 1363 3896 illa

285 3940 405 4022 quidem
428 3941 480 4000 sad
501 3960 562 3999 non
577 3938 787 4017 inexplicabili
801 3939 928 4014 ratione,
953 3960 1044 4020 quum
1060 3942 1209 4019 adjectiva
1224 3944 1362 4002 substan·

284 4045 343 4107 tivi
364 4064 488 4103 munere
515 4044 695 4117 fungantur,
727 4041 886 4118 genetivus
915 4043 1029 4117 legitur
1059 4064 1114 4121 pro
1143 4045 1245 4105 dativo
1273 4046 1360 4104 Eum.

287 4152 362 4206 985:
386 4138 423 4204 τύ
446 4140 511 4222 μὲν
533 4137 650 4226 ύτηρύ
660 4167 676 4204 ν
694 4142 700 4229 Ι
719 4138 840 4227 χοίρως
861 4145 995 4226 (Paleius
1011 4140 1092 4230 χαίργ
1108 4149 1298 4210 scribendum
1316 4150 1363 4207 est
