2850 4590
641 385 854 450 -22..

292 539 321 615 a)
347 540 378 616 α)
402 540 520 599 Primae
543 561 688 618 personae
712 540 873 616 singularis
894 541 1098 617 possessivum
1120 562 1286 618 pronomen

207 634 294 717 ἐμός
317 662 408 721 quum
425 650 561 703 occurrat
580 645 683 704 153ies
699 645 838 723 (Accedit
854 644 943 703 etiam
959 634 1038 718 ἀμός
1059 644 1133 703 locis
1157 650 1285 720 septem:

205 745 285 823 Sept.
310 751 380 819 400,
405 749 475 806 637.
510 749 754 820 casleoca.
788 748 890 825 Suppl.
915 752 965 820 99,
991 752 1062 806 309.
1098 750 1183 806 uum.
1209 749 1284 827 oce)

206 845 377 925 [praeterea
400 883 442 892 —-
464 871 493 909 v.
516 850 597 909 infra
619 883 660 894 —
683 850 777 909 octies
805 850 938 924 genetivi
969 849 1161 926 objectivi
1184 854 1285 927 partes

204 951 329 1028 suscipit
352 952 400 1011 Pr.
425 958 503 1012 392:
531 953 647 1030 θρῆνος
669 944 771 1029 οῦμός.
817 954 900 1014 Pers.
925 957 1003 1011 690:
1032 944 1086 1025 τὴν
1109 942 1185 1026 ἐμὴν
1208 947 1284 1009 oldai

204 1052 315 1129 μεθείς.
347 1054 504 1115 ib.1017:
527 1046 638 1128 στέναζ’
652 1048 727 1130 ἐμόν
748 1048 841 1134 χάριν.
876 1059 932 1129 Ag.
952 1056 1049 1114 1276:
1072 1054 1190 1130 θρῆνον
1213 1046 1286 1129 ἐμόν

204 1147 256 1213 τόν
275 1149 377 1231 αὐτῆς.
412 1160 467 1231 Ag.
489 1158 583 1218 1278:
607 1161 668 1228 τοῖς
692 1154 775 1234 ἐμοῖς
797 1149 958 1236 τιμαόροις.
974 1191 1016 1199 -
1041 1157 1138 1218 1979:
1161 1158 1286 1231 φονεῦσι

203 1260 266 1326 τοῖς
289 1254 373 1333 ἐμοῖς
395 1259 573 1319 difficillimo
595 1261 660 1321 loco
683 1280 717 1320 ac
739 1281 833 1338 prope
859 1260 1024 1337 desperato.
1069 1259 1177 1319 deinde
1199 1262 1284 1322 Eum.

205 1365 263 1420 91:
294 1361 463 1435 ποιμαίνων
484 1396 526 1406 -
554 1356 625 1439 ἐμόν
655 1359 761 1438 ἱκέτην.
806 1367 956 1440 postremo
979 1397 1020 1406 -
1043 1363 1112 1424 vide
1141 1363 1221 1422 infra
1242 1398 1284 1408 —

203 1463 384 1539 adjectivum
406 1465 565 1526 relativum
584 1466 753 1544 appositum
776 1471 822 1525 est
836 1467 889 1525 ch.
907 1470 985 1524 532:
1009 1458 1121 1540 μαστόν
1137 1501 1177 1509 -
1193 1459 1285 1541 ἐμόν

203 1557 401 1644 θρεπτήριον]
418 1569 575 1642 genetivus
598 1564 688 1643 ἐμοῦ
711 1568 832 1626 omniuo
848 1568 992 1642 viginti
1016 1588 1082 1629 sex
1103 1569 1178 1628 locis
1200 1569 1284 1631 inve·

204 1670 301 1741 nitur,
334 1669 473 1730 enclitice
500 1673 597 1730 forma
618 1672 677 1746 μοῦ
698 1675 853 1748 praeterea
874 1669 948 1728 locis
971 1691 1046 1729 nno
1070 1677 1108 1730 et
1128 1671 1281 1745 viginti.

205 1771 315 1831 Verum
337 1773 494 1846 genetivus
523 1774 576 1833 ille
600 1771 672 1849 ἐμοῦ
696 1773 868 1852 quindecies
898 1778 985 1851 aptus
1014 1779 1060 1832 est
1088 1794 1125 1834 ex
1147 1773 1283 1852 proposi-

202 1874 336 1933 tionibus
366 1880 396 1934 et
423 1876 573 1937 adverbiis
595 1877 689 1955 (Pers.
715 1876 784 1934 527.
815 1880 871 1949 Ag.
895 1880 964 1948 335,
993 1881 1081 1949 1222,
1108 1878 1198 1935 1272.
1229 1878 1283 1936 ch.

206 1981 274 2034 164.
298 1978 384 2035 Eum.
400 1982 469 2052 851,
488 1984 557 2038 864.
581 1980 683 2057 Suppl.
702 1984 772 2039 τοι.
795 1981 843 2038 Pr.
857 1983 928 2050 τοι,
946 1983 1016 2051 469,
1035 1983 1105 2051 τοι,
1122 1984 1193 2051 oea,
1211 1983 1281 2051 913,

204 2080 274 2137 987.
298 2081 354 2153 frg.
372 2082 455 2156 333),
480 2101 546 2140 cum
561 2082 661 2142 verbis
685 2085 860 2158 conjunctus
883 2085 928 2139 est
949 2080 1009 2139 bis
1032 2081 1209 2159 (ng.1277.
1233 2083 1282 2141 Pr.

205 2181 278 2257 377)
303 2203 369 2242 cum
392 2184 541 2260 adjectivo
569 2185 659 2244 semel
682 2184 784 2263 Suppl.
809 2189 880 2242 242.
903 2218 944 2227 —
973 2185 1138 2260 objectivus
1161 2190 1207 2243 est
1227 2189 1283 2258 Ag.

209 2288 298 2343 1215.
322 2286 371 2345 Pr.
391 2291 458 2359 169,
483 2289 702 2365 comparativus
724 2289 778 2346 uh.
796 2292 866 2345 211.
889 2288 974 2345 Eum.
993 2293 1062 2360 833,
1088 2294 1156 2346 864.
1179 2288 1281 2364 Suppl.

208 2389 278 2460 957,
301 2389 455 2448 absolutus
477 2393 526 2449 Pr.
544 2391 615 2450 917.
648 2389 842 2470 Relinquitur
862 2390 957 2463 igitur
977 2390 1060 2449 locus
1083 2410 1160 2448 unus
1184 2388 1281 2467 [nam-

207 2510 264 2568 que
293 2491 394 2569 Suppl.
419 2497 495 2552 952:
526 2490 592 2568 ἐμοὶ
622 2485 647 2551 d’
677 2485 814 2561 ὀπαδοῦς’
843 2486 948 2551 τοόοῦε
980 2488 1030 2550 καί
1061 2485 1245 2569 δορυσσόους
1275 2487 1283 2571 i

206 2589 320 2663 ἔταξαν,
344 2595 422 2673 quod
446 2595 631 2672 scripserunt
652 2598 755 2655 Herm.
778 2600 809 2654 et
830 2595 921 2654 Dind.
945 2592 1019 2669 ἐμοῦ
1043 2586 1067 2652 d'
1090 2593 1170 2653 nullo
1193 2594 1280 2653 modo

206 2717 270 2755 esse
298 2698 454 2756 ferendum
482 2698 582 2777 quivis
611 2699 754 2759 concedet
776 2691 956 2776 (utpote,
988 2697 1059 2756 oin
1083 2687 1108 2754 d'
1129 2694 1281 2775 mutato.)]

205 2800 307 2878 Snppl.
330 2804 407 2860 468:
435 2793 504 2876 μηδ’
526 2794 709 2884 ἀπορριφθῇ
731 2794 818 2878 λόγος
837 2799 841 2880 Ι
862 2797 943 2876 ἐμοῦ.
988 2799 1179 2860 Schuetzius:
1207 2821 1282 2874 „nec

205 2909 316 2963 temere
339 2903 493 2964 effutietur
508 2923 604 2963 sermo
620 2909 732 2964 meus“.
770 2909 811 2962 At
831 2923 931 2978 regem
954 2903 1059 2962 timere
1083 2923 1121 2962 ne
1143 2904 1280 2963 homines

206 3027 237 3064 se
253 3007 413 3081 objurgent
435 3013 466 3066 et
485 3007 744 3066 criminationibus
761 3005 998 3067 circumveniant
1018 3005 1087 3065 luce
1103 3011 1148 3065 est
1163 3006 1281 3067 clarius.

206 3109 354 3169 Continuo
385 3109 465 3169 enim
498 3116 665 3189 sequuntur
693 3111 800 3170 verba:
833 3099 896 3166 κατ’
926 3101 1019 3185 ἀρχῆς
1049 3101 1105 3187 γάρ
1136 3107 1282 3181 φιλαίτιος

204 3206 275 3281 λεοίς
298 3232 374 3292 quae
396 3215 496 3286 verba,
519 3209 594 3288 ἐμοῦ
616 3213 641 3272 si
665 3218 743 3272 esset
764 3232 831 3286 gen.
854 3231 941 3289 poss,
973 3230 1071 3290 neque
1093 3213 1280 3271 commodum

206 3316 327 3374 omnino
351 3318 530 3394 praeberent
552 3335 670 3376 sensum
693 3335 790 3394 neque
821 3335 889 3374 cum
910 3315 1158 3392 praecedentibus
1181 3314 1281 3376 verbis

206 3420 410 3478 cohaererent.
449 3415 524 3494 ἐμοῦ
545 3418 639 3493 igitur
661 3417 733 3498 quin
757 3418 797 3476 sit
819 3438 887 3492 gen.
903 3419 961 3494 obj.
985 3438 1020 3477 ac
1035 3419 1185 3478 Stanleius
1200 3424 1281 3476 recte

203 3521 367 3580 reddiderit
395 3542 511 3601 „neque
541 3522 706 3599 proiciatur
735 3522 860 3581 verbum
890 3521 926 3579 de
955 3523 1022 3580 me“
1052 3521 1190 3602 equidem
1220 3541 1281 3580 non

204 3624 316 3683 dubito.
351 3624 436 3682 Nihil
459 3630 558 3684 cutem
581 3625 631 3684 hic
652 3644 719 3698 gen.
744 3625 802 3700 obj.
826 3625 918 3682 habet
940 3624 1114 3683 offensionis
1137 3625 1178 3699 (v.
1201 3623 1282 3683 infre

203 3747 230 3803 p.
255 3728 316 3803 32).
362 3732 416 3801 Ag.
442 3733 519 3788 609:
543 3721 660 3787 αὐτοῦ
682 3727 789 3799 ζῶντος
811 3718 831 3802 ἢ
852 3721 1034 3801 τεθνηκότος
1057 3720 1176 3800 φάτις
1197 3718 1281 3808 ἐκλῄ-

203 3830 273 3900 ζετο.
312 3830 352 3889 ib.
371 3834 447 3890 312:
471 3821 611 3908 φθογγάς
634 3830 791 3908 συμφορᾶς
814 3827 926 3905 διπλῆς.
961 3829 1115 3908 Imprimis
1137 3832 1187 3892 Pr.
1204 3830 1280 3890 731:

203 3928 290 4009 λόγος
319 3929 408 4010 μέγας
435 3930 440 4015 Ι
466 3933 520 4009 τῆς
549 3933 604 4008 σῆς
633 3931 764 4009 πορείας.
808 3932 898 4010 Soph.
928 3931 975 3992 ni.
1000 3937 1078 3993 998:
1109 3926 1190 4002 ὀξεῖα
1214 3924 1281 4011 γόρ

206 4050 271 4092 σου
294 4028 385 4110 βάξις.
432 4041 509 4095 22οι
533 4028 641 4113 ἀνέρος
664 4032 796 4105 αίθοπος
818 4031 961 4115 ἀγγελίαν.
1006 4039 1077 4094 Ant.
1106 4039 1158 4095 ll:
1181 4037 1282 4110 μῦθος

203 4135 306 4211 φίλων.
339 4138 385 4199 Βο
406 4138 558 4199 locutione
579 4131 669 4218 λόγον
691 4132 889 4218 ἀπορρίπτειν
912 4139 949 4198 cf.
972 4138 1058 4198 Pind.
1083 4138 1127 4197 01.
1144 4138 1200 4212 IX,
1224 4143 1280 4197 35:
