2850 4590
579 299 793 366 ,61-

669 629 711 706 Π.

327 783 390 853 De
424 783 653 873 genetivo
686 785 1043 877 praedicativo.

232 969 368 1046 Excepto
391 971 473 1033 Pers.
497 977 576 1031 421:
606 972 689 1030 πᾶσα
715 972 791 1041 ναῦς
817 967 973 1050 ἠρέσσετο,
1004 963 1126 1048 ὅσαιπερ
1147 957 1225 1047 ἦσαν

147 1063 306 1149 βαρβάρου
327 1064 560 1150 στρατεύματος,
590 1075 642 1134 ubi
672 1076 752 1134 haud
781 1074 843 1134 scio
873 1094 912 1133 an
939 1074 1102 1152 partitivus
1124 1073 1225 1150 potius

149 1172 190 1231 sit
204 1174 361 1233 habendus
382 1176 541 1250 genetivus
556 1175 642 1255 βαρβ.
659 1193 757 1257 στρατ.
779 1177 939 1254 (gehdrten
954 1210 996 1221 —
1011 1196 1049 1234 zu
1063 1173 1119 1252 —)
1136 1196 1224 1255 quam

147 1277 342 1352 possessivus,
365 1279 523 1353 genetivus
545 1282 732 1357 possessivus
754 1280 834 1339 solus
856 1283 894 1340 ab
916 1278 1067 1357 Aeschylo
1088 1278 1133 1337 ita
1154 1298 1225 1338 oon·

144 1379 284 1456 jungitur
305 1400 372 1440 oum
389 1384 585 1444 substantivis
606 1384 813 1443 intercedente
827 1384 920 1443 verbo
936 1381 1124 1443 substantivo
1141 1372 1225 1451 εἶναι,

148 1487 182 1542 ut
203 1485 437 1561 praedicamenti
461 1488 596 1547 obtineat
616 1487 724 1547 locum.
759 1485 845 1562 (Gen.
861 1485 1004 1545 materiae
1019 1491 1049 1544 et
1073 1484 1225 1565 qualitatis

148 1607 209 1646 non
232 1589 371 1665 usurpari
393 1590 597 1667 praedicative
619 1590 854 1665 significavimus
876 1607 943 1666 pag.
959 1587 1022 1665 44).

234 1691 264 1767 a)
286 1691 459 1768 Subjectum
484 1701 529 1755 est
551 1694 771 1755 substantivum
794 1695 850 1767 Ag.
868 1698 945 1752 256:
972 1689 1081 1767 Τροίαν
1101 1681 1226 1766 Ἀγαιοῖν

148 1780 250 1852 οὖσαν.
285 1795 387 1872 Suppl.
406 1801 482 1857 565:
504 1796 648 1871 φυσίζοον
670 1792 754 1876 γένος
773 1787 840 1854 τόδε
859 1794 864 1875 Ι
887 1787 987 1871 Ζηνός
1001 1790 1079 1853 ἔστιν
1094 1785 1224 1868 ἀληθῶς.

147 1929 190 1939 -
213 1896 423 1975 Aptissimum,
446 1901 483 1959 ad
507 1900 586 1980 quod
608 1900 740 1959 animum
762 1900 967 1970 advertamus,
993 1897 1104 1972 legitur
1126 1916 1225 1956 exem·

148 2000 231 2077 plum
253 2002 338 2061 Eum.
356 2003 434 2062 728:
458 1995 553 2083 μήτηρ
576 1997 632 2082 γοίρ
655 1995 740 2073 οὔτις
761 1998 842 2061 ἕσσίν
863 1995 884 2078 η’
906 1992 935 2078 μ’
958 1997 1096 2080 ἐγείνατο.
1118 1997 1122 2080 Ι
1142 1991 1175 2056 τὸ
1198 1989 1225 2055 d'

148 2094 237 2180 ίίρσεν
259 2100 334 2163 alvei
356 2097 460 2178 πάντα,
483 2099 561 2183 πλοΙν
582 2103 681 2185 γιίμον
703 2109 799 2182 τυχεῖν
817 2103 822 2187 Ι
843 2097 952 2163 ἅπαντι
973 2104 1076 2184 θυμῷ,
1104 2095 1225 2179 κάρτα

148 2196 175 2262 d’
197 2202 270 2282 εἰμί
293 2207 356 2265 τοῦ
379 2202 518 2287 πατρός
538 2211 709 2287 „utEnrip
725 2209 835 2269 Electr.
859 2228 887 2268 v.
907 2212 1004 2266 1102:
1027 2202 1058 2264 οί
1078 2199 1132 2280 μὲν
1151 2200 1225 2262 εἰσιν

147 2300 290 2387 ἀρσένων,
315 2306 347 2367 οἱ
360 2302 386 2368 δ’
401 2297 440 2369 αὖ
455 2314 575 2387 φιλοῦσι
590 2307 718 2392 μητέρας
733 2313 842 2387 μᾶλλον
860 2302 982 2388 πατρός.
1016 2310 1150 2387 „Estque
1166 2307 1226 2366 ele·

147 2431 221 2487 gans
243 2413 301 2472 iste
322 2433 394 2472 usus
416 2416 472 2471 τοῦ
494 2405 569 2474 εἶναι
591 2422 621 2476 et
643 2412 798 2494 γίγνεσθαί
819 2433 900 2482 τινος
922 2432 976 2489 pro
998 2410 1154 2485 „teneri
1184 2430 1226 2469 aa

148 2516 318 2575 deditum
341 2521 445 2577 esse“
467 2514 586 2594 ἔχεσθαι
609 2519 663 2577 τοῦ
686 2525 738 2577 aut
760 2512 878 2575 ἑλέσθαι
900 2509 986 2574 τινιί“
1010 2513 1203 2574 Abreschius.

233 2619 323 2678 llodo
347 2621 490 2697 peculiari
521 2623 678 2699 genetivus
708 2620 895 2699 pronominis
919 2617 1085 2697 personalis
1107 2616 1224 2694 praedi·

149 2721 246 2784 sative
276 2723 400 2801 ponitur
421 2726 507 2785 Eum.
532 2732 608 2786 895:
638 2726 758 2784 τοιαῦτα
789 2715 890 2783 σοι’ίστι
912 2722 967 2799 (M.
990 2722 1081 2781 habet
1103 2720 1226 2778 τοιαῦτα

148 2825 204 2883 σοῦ
232 2818 308 2903 ’στιΙ.
352 2828 464 2888 Contra
494 2830 654 2906 possessivi
683 2827 869 2907 pronominis
899 2829 1060 2885 occurrunt
1088 2823 1226 2900 exempla

147 2927 345 3005 8ομμ1.785ε
368 2922 422 2989 σὸν
444 2923 471 2990 δ’
493 2928 603 2992 ἐπίπαν
624 2926 713 3010 ζυγὸν
732 2929 738 3016 Ι
756 2923 911 2990 ταλάντου.
950 2930 1036 2987 Eum.
1054 2927 1130 2985 724:
1153 2917 1225 2999 ἒμόν

148 3022 211 3089 τόδ’
231 3027 327 3110 ἔργον.
343 3067 385 3077 -
793 3062 795 3067 ·

233 3136 391 3196 Interdum
412 3140 537 3199 verbum
567 3139 788 3200 substantivum
816 3141 863 3196 est
883 3134 1118 3208 intellegendum
1141 3133 1224 3192 Pers.

151 3243 227 3299 204:
263 3238 401 3314 δαίμοσιν
431 3276 473 3285 -
505 3228 547 3301 οἷν
577 3238 645 3318 τέλη
672 3235 752 3300 τάδε.
797 3240 878 3316 Sept.
904 3243 935 3297 4:
970 3233 997 3294 εί
1022 3230 1076 3310 μὲν
1105 3227 1161 3314 γοίρ
1191 3219 1226 3290 εὖ

149 3333 324 3421 πράξαιμεν,
348 3339 448 3402 οιίτία
470 3346 573 3403 θεοῦ.
618 3346 672 3404 ch.
691 3346 768 3402 462:
790 3343 873 3400 θεῶν
895 3338 983 3421 [τοῖν]
1007 3331 1082 3397 nasci
1104 3339 1159 3416 γᾶς
1180 3328 1226 3395 ὅδ’

149 3438 251 3521 ὕμνος.
298 3448 409 3521 ,,ταῦτα
430 3441 466 3505 τί
489 3440 605 3531 ᾅσματα
631 3448 693 3516 τοῖς
715 3436 791 3503 sosoi
813 3445 868 3524 γῆς
889 3445 975 3511 θεοῖς
996 3436 1144 3517 πρέπει,
1173 3435 1225 3498 καί

150 3543 187 3608 οὐ
217 3552 281 3618 τοῖς
308 3544 482 3629 οὐρανίοις(
511 3551 610 3610 Schol.
633 3551 674 3608 M.
728 3551 827 3608 Eum.
851 3546 942 3605 572:
974 3535 1078 3619 ὑμῶν
1110 3533 1128 3600 ὅ
1157 3543 1225 3617 μῦ-

149 3655 233 3721 θος·
264 3645 372 3731 εἰσάγω
400 3649 432 3713 δὲ
461 3647 515 3730 τὴν
544 3652 638 3730 δίκην.
682 3653 729 3712 ib.
755 3655 871 3710 1020:
901 3641 1064 3707 σπονδαὶ
1090 3637 1116 3702 δ’
1138 3641 1170 3713 ἐς
1191 3638 1224 3702 sd

150 3758 211 3815 πᾶν
239 3751 372 3826 ἕνδαιὸες
402 3755 516 3817 σίτων
543 3754 547 3839 Ι
578 3747 734 3824 Παλλάδος
764 3746 879 3825 οἰστοῖς,
912 3770 987 3831 quae
1014 3751 1107 3811 verba
1133 3749 1226 3811 vertit

150 3861 356 3920 Hermannus:
378 3863 461 3935 „Pax
482 3862 515 3919 in
538 3880 625 3919 omne
648 3863 765 3934 tempus
789 3877 855 3916 oum
876 3855 988 3915 lumine
1011 3854 1164 3914 taedarum
1186 3852 1226 3910 in

150 3966 303 4025 sedibus
327 3963 509 4045 (Furiarum)
532 3963 663 4023 Palladis
686 3961 831 4021 civibus.“
869 3956 962 4018 οίιιων
983 3957 1076 4032 igitur
1097 3976 1152 4034 pro
1175 3975 1225 4029 ge-

148 4068 251 4131 netivo
273 4069 476 4147 praedicativo
496 4067 701 4145 accipiendum
719 4085 783 4123 esse
805 4062 912 4122 amisso
928 4062 1022 4123 verbo
1037 4060 1225 4120 substantivo

149 4173 238 4232 facile
267 4173 462 4247 intellegitur.
515 4171 625 4246 (Schol.
648 4170 705 4229 M.:
743 4169 797 4244 τῆς
826 4158 988 4246 εὐπραγίας
1017 4155 1037 4240 η
1068 4159 1147 4221 αἰτία
1176 4156 1225 4220 ἐπὶ
