2850 4590
591 408 633 419 -
677 371 738 437 ll'l
782 382 838 418 ...-

174 519 207 585 δὲ
229 523 270 596 είς
291 518 323 584 τό
341 522 422 597 τέλος
443 527 497 586 τοῦ
513 520 629 604 δρόμον
652 520 773 600 όίστιν,
797 517 888 605 ἤνυσε
904 519 957 586 τόν
972 517 1089 606 ἀγῶνα,
1112 516 1246 600 ἀφίκετο,

174 628 280 706 φησίν,
304 627 345 698 είς
366 623 398 688 τό
422 626 504 699 τέλος
526 632 582 689 τοῦ
602 623 725 711 ἀγῶνος.
913 712 916 715 ¹

259 733 462 811 Compositum
485 732 503 791 δ
509 727 717 813 ιοιλαγχοίνω
740 733 896 809 „dividere
918 754 973 813 per
988 736 1117 794 sortem“
1139 752 1248 811 perse

173 839 257 914 patet
268 837 454 913 jungendum
476 857 541 897 esse
560 856 627 896 cum
643 837 813 897 accusativo
836 839 918 916 Sept.
937 837 1012 897 772:
1036 829 1225 916 σιδαρονόμῳ
1243 835 1248 919 Ι

173 930 223 996 διδ
244 935 305 1016 χερί
327 933 398 997 ποτὲ
419 942 515 1015 λαχεῖν
534 936 539 1022 1
558 933 701 1015 κτήματα.
746 940 788 1000 ib.
811 941 889 1000 798:
912 935 1046 1016 διέλαχον
1069 930 1248 1021 σφυρηλάτῳ

173 1035 284 1123 Σκύθῃ
307 1034 419 1124 σιδήρῳ
440 1035 599 1119 κτημάτων
622 1043 807 1120 παμπησίαν.

259 1138 385 1204 ἀντιόω
418 1145 506 1224 (Lob.
539 1148 578 1206 ad
607 1147 656 1206 Ai.
687 1169 716 1225 p.
741 1147 826 1225 340.)
858 1146 1010 1220 „incidere
1040 1147 1074 1206 in
1106 1146 1249 1228 aliquid‘,

172 1249 277 1328 Suppl.
302 1255 357 1307 36:
388 1245 462 1307 ἔνθα
493 1244 525 1307 δὲ
552 1248 669 1308 λαίλαπι
691 1243 902 1330 χειμωνοτύπῳ
933 1247 1044 1332 βροντῇ
1067 1250 1195 1332 στεροπῇ
1217 1242 1246 1308 τ’

172 1345 411 1429 ὀμβροφόροισίν
433 1343 462 1410 τ’
483 1346 605 1427 ἀνέμοις
627 1345 734 1430 ἀγρίας
756 1344 827 1422 ἀλός
849 1345 1028 1428 ἀντήσαντες
1050 1344 1173 1423 ύλοιντο,
1195 1352 1250 1412 ubi

173 1475 240 1514 cum
256 1455 397 1529 genetivo
414 1445 518 1535 ἀγρίας
533 1447 613 1527 ἀλύς,
636 1477 697 1516 non
721 1476 788 1515 cum
803 1455 916 1517 dativis
932 1454 1162 1516 consociandum
1185 1476 1249 1515 esse

172 1559 248 1617 duco
261 1552 445 1632 ἀντήσαντις.
491 1558 644 1623 Quantum
660 1558 740 1618 enim
756 1579 810 1635 ego
827 1558 934 1632 sentio,
957 1557 1087 1631 dativus,
1110 1557 1163 1638 qui
1176 1558 1250 1617 huic

173 1661 346 1738 adjungitur
375 1665 486 1736 verbo,
518 1683 637 1741 semper
667 1667 713 1722 est
742 1682 887 1740 personae
916 1661 1086 1739 (occurrere
1115 1660 1248 1738 alicui“).

171 1764 260 1824 Hom.
291 1765 507 1838 11.V1,39a
551 1766 643 1843 Soph.
668 1765 717 1824 Ai.
743 1769 813 1824 535.
858 1765 907 1823 Tr.
931 1768 1002 1822 902.
1046 1764 1153 1843 Neque
1175 1784 1248 1824 vero

172 1865 336 1946 quidquam
357 1869 546 1949 frequentius
576 1869 717 1945 genetivo
746 1869 792 1930 rei
822 1874 854 1929 et
880 1870 958 1928 bono
987 1888 1078 1927 sensu
1107 1871 1139 1927 et
1159 1869 1248 1928 malo.

172 1968 345 2046 cujusmodi
359 1977 429 2031 utar
444 1972 582 2050 exemplo
597 1971 685 2032 Pind.
702 1973 749 2031 01.
761 1971 802 2045 X,
825 1975 880 2031 42:
904 1961 1029 2038 ἀλύσιος
1045 1961 1193 2039 ἀντάσαις.
1207 2004 1249 2014 —·

171 2071 289 2133 dativus
312 2074 430 2133 λαίλαπι
451 2069 678 2156 χειμωνοτύπῳ,
710 2073 821 2157 βροντῇ
843 2075 965 2157 στερονῇ
991 2067 1018 2131 τ’
1045 2065 1248 2152 ὀμβροφόροι-

172 2173 219 2232 σίν
241 2167 270 2233 τ’
293 2170 413 2253 ἀνέμοις
434 2178 623 2258 dynamicos,
646 2199 720 2258 quos
735 2197 893 2251 vocamur,
917 2175 1134 2238 declaraverim
1156 2175 1249 2254 pcrti-

171 2283 278 2339 nentes
301 2282 339 2340 ad
360 2274 474 2341 ὄλοιντο
499 2283 536 2342 cf.
559 2283 613 2342 ch.
632 2285 708 2343 881:
742 2274 841 2351 δόλοις
862 2274 1024 2355 ὀλούμεθα.
1070 2279 1151 2357 Sept.
1171 2284 1249 2339 813:

172 2372 281 2440 ὤλοντ’
304 2377 553 2466 acrasitanae.
598 2385 702 2463 Suppl.
721 2390 795 2444 833:
819 2375 957 2458 όλόμιναι
979 2374 1137 2457 παλύμαις.

255 2486 323 2545 Jam
345 2507 418 2549 vero
437 2488 601 2567 quaeritur,
624 2507 696 2547 num
712 2481 805 2544 ἀντᾶν
827 2505 894 2545 oum
908 2483 1080 2547 accusativo
1096 2483 1249 2564 (substan-

171 2585 241 2664 tivi)
265 2589 361 2666 possit
379 2591 522 2651 construi.
568 2591 672 2670 Suppl.
691 2595 769 2650 310:
791 2623 834 2633 -
857 2582 945 2657 είδύς
967 2581 996 2646 δ’
1023 2578 1103 2663 ἀμόν
1124 2580 1249 2665 ἀρχαῖον

170 2683 256 2765 γένος
276 2684 421 2768 πράσσοις
442 2685 479 2750 ἀν
502 2684 544 2763 τίς
564 2684 697 2771 Ἀρμεῐον
720 2685 852 2768 ἀντήσας
873 2684 987 2751 στόλον.

258 2785 447 2870 ἀνστήσας
469 2797 532 2867 Μ,
565 2797 618 2856 sed
646 2795 829 2874 adscriptum
860 2799 907 2855 est
935 2786 1074 2870 ἀντῇσασ.
1125 2794 1249 2872 Ample-

171 2899 331 2957 ctebantur
358 2899 494 2979 plerique
526 2899 656 2959 editores
679 2892 818 2974 ἀντήσασ.
853 2897 1014 2977 (imprimis
1046 2897 1248 2969 Hermannus,

170 2999 355 3075 Dindorfius‚
377 3002 608 3081 Kirchhoffius).
652 3003 771 3062 Hem:
795 3002 851 3075 „Id
871 3001 923 3060 hic
938 3000 1087 3075 agendum
1108 3003 1175 3059 erat
1187 2999 1248 3058 Da·

171 3102 327 3177 naidibus,
354 3110 389 3164 ut
417 3126 448 3165 se
470 3105 602 3181 Argivas
630 3105 747 3181 origine
778 3126 842 3164 esse
865 3105 1016 3164 docerent.
1062 3103 1152 3180 Soph.
1174 3103 1247 3161 Ant.

171 3209 250 3266 981:
279 3198 300 3266 ἀ
322 3202 354 3266 δὲ
375 3204 491 3286 σπέρμα
514 3202 566 3284 μὲν
588 3201 793 3287 ἀρχαιογόνων
816 3199 918 3265 ἀντασ’
939 3201 1163 3285 Ἐρεχθειδᾶν.“
1206 3206 1249 3263 At

169 3308 320 3371 immerito
342 3311 393 3372 vir
415 3332 547 3371 summus
573 3313 631 3372 hoc
653 3311 755 3390 posuit
777 3312 957 3389 exemplum.
1004 3307 1145 3370 Genetivi
1167 3307 1247 3367 enim

171 3406 235 3489 ἀρχ.
253 3408 372 3491 Ἐρεχθ.
396 3414 556 3494 copulandi
580 3420 650 3474 sunt
669 3435 736 3474 cum
752 3407 867 3484 ἀντασ’,
891 3417 922 3473 et
937 3407 1053 3491 σπέρμα
1077 3418 1130 3479 (=
1151 3405 1247 3488 γένος)

171 3511 218 3575 est
239 3518 443 3592 accusativus,
477 3538 566 3599 quem
587 3517 707 3591 dicunt,
737 3516 902 3577 relationis.
927 3514 976 3592 (cf.
999 3519 1062 3575 not.
1085 3513 1247 3574 Schneide-

170 3618 245 3680 wini
269 3623 347 3680 ah.
370 3621 414 3699 L).
446 3656 483 3664 —
518 3621 658 3701 Denique
682 3621 717 3680 0.
733 3620 765 3679 G.
784 3623 882 3692 1445,
912 3617 966 3678 ubi
987 3618 1178 3677 Hermannus
1209 3636 1248 3676 ex

169 3721 258 3782 libris
274 3723 466 3784 Triclinianis
488 3724 605 3803 recepit
626 3717 731 3792 κακόν,
753 3721 888 3782 melioris
910 3725 1000 3781 notae
1023 3719 1139 3780 codices
1161 3740 1248 3799 prae·

170 3827 244 3884 bant
265 3824 375 3886 κακῶν.
399 3860 442 3870 -
463 3830 492 3886 A
514 3828 662 3906 Sophocle
683 3826 779 3901 igitur
801 3824 934 3884 alienum
956 3843 1021 3883 esse
1043 3821 1248 3883 accusativum

171 3927 363 4006 perspicitur.
410 3928 510 3993 Quid?
554 3929 642 3994 cuod
667 3949 706 3987 ne
728 3949 806 3988 unus
829 3926 951 4008 quidem
974 3924 1096 3986 omnino
1118 3925 1248 4002 scriptor

169 4035 257 4094 illum
279 4053 421 4112 umquam
436 4032 583 4093 adhibuit.
628 4030 775 4096 Quocirca
796 4035 849 4089 eut
872 4020 1017 4104 ἀνστήσεις
1039 4032 1086 4087 est
1099 4027 1248 4106 recipien-

171 4141 242 4198 dum
271 4136 321 4215 (de
344 4156 476 4215 apocope
497 4136 668 4214 Aeschylee
696 4134 767 4196 vide
789 4133 897 4192 Blomf.
927 4133 965 4191 ad
986 4131 1068 4209 Sept.
1086 4131 1170 4206 740.)
1196 4135 1249 4190 aut

171 4241 251 4323 quod
271 4238 356 4300 dedit
377 4238 530 4300 Victorius
553 4231 711 4323 ἀνστήσῃς.
736 4272 779 4282 -
806 4229 948 4317 πράσσειν
973 4224 1018 4303 ἀς
1040 4253 1117 4295 curn
1134 4233 1268 4304 conpun-
