2850 4590
605 383 817 450 ..25-

173 536 269 602 σέθεν.
304 544 360 615 Ag.
379 547 455 602 846:
479 534 530 601 τόν
547 533 577 600 θ’
593 531 644 599 ὑπ’
658 533 732 624 Ἰλίῳ
755 536 844 600 σέθεν
859 536 871 624 ΙΙ
887 538 1035 600 κίνδυνον.
1070 543 1154 602 Eum.
1174 545 1251 601 103:

173 637 229 723 όρα
259 639 291 703 δέ
321 639 435 724 πληγᾶς
465 637 553 704 τάσδε
582 643 690 727 καρδίρι
721 638 818 717 σέθεν,
849 645 900 703 ubi
932 649 1030 704 tamen
1060 646 1251 705 Hermannus

170 747 314 825 praetulit
330 781 369 791 —
385 746 509 828 καρδίας
525 742 608 827 ὅθεν.
642 755 720 809 226:
741 740 808 807 ὥστ’
823 743 898 824 έχειν
913 741 1000 823 τιμᾶς
1016 744 1113 807 σέθεν.
1148 748 1250 826 Suppl.

172 854 249 912 490:
270 846 343 930 χειρί
365 846 415 910 καὶ
437 845 537 930 λόγοις
559 847 655 910 σέθεν.
700 852 739 912 ib.
762 857 837 912 195:
859 844 947 911 τᾶσδε
970 849 1136 928 μεμνῆσθαι
1159 846 1250 909 σέθεν

172 949 177 1032 l
201 946 308 1023 κεδνᾶς
330 945 470 1030 σφετμᾶς.
514 953 554 1014 ib.
575 959 650 1014 358:
672 946 881 1032 μονοψήφοισι
902 947 1044 1031 νεύμασιν
1066 951 1162 1014 σέθεν.
1208 955 1249 1014 ib.

172 1062 249 1119 906:
279 1048 316 1114 στί
338 1049 363 1114 τ’
385 1050 478 1127 αὐτός
499 1055 547 1134 χοὶ
574 1053 754 1137 ξυνέμποροι
783 1054 881 1118 σέθεν.
904 1092 946 1103 -
977 1061 1088 1120 Contra
1110 1079 1177 1133 gen.
1205 1063 1251 1118 est

173 1160 339 1236 objeotivus
361 1160 464 1239 Suppl.
491 1161 568 1221 778:
591 1158 706 1236 σεβίζου
728 1153 754 1219 δ’
777 1157 875 1231 ἱκέτας
897 1157 986 1220 σέθεν
1009 1162 1048 1240 (v.
1072 1182 1139 1240 pag.
1156 1163 1218 1240 34).

256 1261 287 1341 β)
309 1263 445 1324 Dualis
467 1264 624 1339 genetivus
647 1283 707 1322 non
730 1269 838 1339 exstat,
868 1284 938 1324 nam
960 1267 1010 1325 Pr.
1037 1269 1074 1323 12
1098 1263 1182 1347 σφῷν
1205 1269 1251 1324 est

170 1365 298 1427 dativus.

256 1470 286 1549 y)
309 1470 459 1531 Plurali
493 1471 634 1546 genetivo
656 1491 728 1532 vero
751 1462 835 1545 όμᾶν
856 1472 903 1534 vis
926 1471 1094 1548 possessiva
1116 1471 1175 1530 fuit
1197 1472 1248 1530 ad-

171 1574 276 1647 denda,
301 1574 443 1654 quoniam
461 1595 626 1652 pronomen
650 1575 910 1653 possessivum
933 1565 1116 1649 ὑμέτερος
1138 1574 1250 1653 plane

170 1678 338 1737 alienum
360 1683 406 1738 est
427 1679 465 1737 ab
489 1678 658 1756 Aeschylos
680 1679 825 1752 oratione,
847 1679 878 1737 id
903 1679 981 1756 quod
1005 1682 1111 1737 notatu
1126 1678 1249 1753 dignum

170 1786 223 1840 est.
268 1803 333 1856 geu.
356 1773 452 1856 όμῶν,
484 1783 535 1863 qui
559 1782 692 1862 quinque
715 1782 836 1841 omnino
859 1781 933 1841 loois
955 1780 987 1839 in
1010 1801 1066 1839 usu
1088 1787 1147 1853 est,
1170 1803 1249 1859 poss.

170 1890 231 1945 est:
253 1886 303 1948 Pr.
328 1890 423 1946 1060:
446 1878 486 1961 μή
509 1882 622 1963 φρένας
645 1876 729 1959 tous
751 1878 902 1967 ἠλιθιώσῃ
926 1884 1141 1963 (praedicative
1163 1887 1249 1944 Eum.

173 1991 247 2049 572:
270 1980 355 2063 όμᾶν
371 1980 388 2047 ό
404 1990 504 2063 μῦθος
519 2008 559 2049 so.
576 1986 659 2067 ἐστί).
695 1990 879 2065 subjectivus
896 1987 997 2066 potius
1014 1993 1060 2047 est
1075 1989 1157 2048 Pers.
1175 1994 1250 2047 520:

170 2083 258 2164 φᾶτις
280 2082 376 2166 όμᾶν.
422 2092 536 2152 Ceteris
564 2092 638 2151 loois
670 2092 864 2169 conjungitur
885 2111 951 2150 oum
974 2091 1247 2169 praepositionibus

170 2196 255 2254 Eum.
280 2199 330 2268 95,
355 2201 426 2254 668.

254 2298 283 2374 ο)
305 2298 462 2357 Tertiae
492 2318 638 2375 personae
668 2297 885 2372 singularis
916 2297 1075 2373 genetivus
1097 2293 1168 2356 έθεν
1199 2283 1249 2374 (οὗ

169 2420 231 2459 non
262 2407 307 2460 est
337 2401 550 2480 Aesohyleum)
583 2423 643 2460 uno
674 2402 740 2460 looo
772 2406 818 2461 est
848 2401 1035 2480 possessivus
1064 2402 1166 2479 Suppl.
1191 2407 1248 2461 62:

170 2495 258 2562 σ’ίλετο
282 2497 358 2578 πρός
379 2497 476 2583 χειρός
498 2501 575 2564 έθεν.
620 2526 786 2584 pronomen
810 2526 888 2582 poss.
912 2497 930 2563 ό
938 2526 953 2574 ς
976 2510 1074 2564 exstat
1100 2505 1146 2563 bis
1168 2505 1248 2582 Sept.

171 2612 247 2666 623:
275 2603 444 2683 ἐποπτῆρας
465 2610 554 2666 λιτῶν
575 2603 587 2692 ΙΙ
609 2611 669 2668 τᾶν
692 2595 734 2667 οἷν
756 2605 903 2688 γενέσθαι.
948 2610 1034 2669 Eum.
1058 2614 1134 2667 352:
1157 2604 1249 2677 έθνος

169 2701 237 2768 τόδε
258 2705 359 2787 λέσχας
382 2697 418 2780 ᾶς
440 2704 641 2786 ἀπηξιώσατο.
891 2719 893 2724 ’

255 2813 426 2874 Pluralis
456 2815 615 2889 genetivus
637 2837 717 2894 poss.
739 2816 828 2895 plone
852 2816 1037 2876 desideratur
1066 2820 1156 2894 atque
1179 2809 1249 2886 σφέ-

168 2934 252 2991 τερος
266 2938 430 2995 pronomen
446 2919 647 3003 possessivum
662 2921 778 2979 duobus
799 2924 917 2980 tantum
938 2920 1012 2978 loeis
1028 2918 1137 2978 dieitur
1152 2919 1249 2978 Pers:

171 3025 248 3080 881:
270 3015 411 3099 ἐκράτυνε
433 3006 588 3101 σφετέραις
611 3022 724 3102 φρεσίν.
770 3027 825 3098 Ag.
849 3025 926 3082 730:
950 3018 1077 3103 σφετέρᾳ
1100 3013 1126 3079 δ’
1148 3013 1248 3080 εἰκότα

169 3142 266 3205 μεννμ.

673 3312 744 3392 ςι.

255 3433 402 3492 Neutrum
430 3433 549 3492 articuli
578 3434 689 3511 plurali
718 3454 841 3494 numero
872 3452 1046 3510 expressum
1068 3427 1162 3508 (Sept
1186 3435 1246 3489 965

170 3538 245 3598 Rob.
274 3536 398 3596 exhibet
426 3532 479 3595 καὶ
508 3530 546 3596 τό
575 3529 655 3597 τοῦδ’
683 3531 841 3613 ἐνόσφισεν
870 3539 949 3617 quod
980 3535 1151 3596 emendavit
1171 3536 1248 3593 Her-

170 3660 313 3700 mannus:
346 3636 398 3698 nol
427 3631 507 3699 τόνδ’
536 3633 704 3720 ἐνόσφισεν)
738 3662 805 3701 oum
833 3641 973 3716 genetivo
1003 3639 1172 3717 possessivo
1204 3638 1249 3696 ita

168 3745 319 3821 jungitur,
342 3749 376 3803 ut
391 3737 549 3823 πράγματα
565 3744 614 3806 vel
636 3744 748 3826 aliquid
773 3746 905 3822 ejusdem
928 3744 1046 3819 generis
1069 3743 1109 3802 sit
1129 3740 1248 3800 intelle-

170 3849 307 3922 gendum.
351 3849 433 3907 Pers.
458 3853 535 3910 595:
563 3849 653 3918 νᾶσος
676 3845 731 3924 ’έχει
753 3841 788 3906 τό
815 3848 944 3927 Περσᾶν.
989 3845 1088 3906 Sohol.
1111 3847 1169 3904 M.:
1192 3837 1249 3903 σοι’-

171 3972 248 4025 ματα
282 3951 376 4028 (Pers.
406 3953 483 4013 705:
517 3945 759 4032 διαπεπόρθηται
793 3944 829 4010 τᾶ
866 3952 990 4029 Περσᾶν
1023 3943 1246 4029 πράγματα).

171 4057 253 4114 Pers.
264 4060 339 4114 990:
355 4053 382 4112 τί
398 4046 424 4112 δ’
440 4049 496 4114 οὐκ
513 4048 630 4128 όλοιλεν,
647 4049 788 4134 μεγάλοιο
806 4055 948 4134 Περσᾶν
963 4057 1004 4116 Μ.
1020 4053 1081 4114 Vit.
1094 4086 1136 4096 -
1147 4051 1246 4112 Sohol.

171 4161 212 4219 M.
235 4158 409 4236 adseripsit:
432 4159 524 4218 λείπει
540 4153 633 4219 κακοί·
657 4151 678 4237 ἢ
699 4154 831 4218 στικτέον
849 4155 881 4217 έν
903 4157 986 4240 τῷτί
1009 4152 1056 4215 δέ·
1080 4147 1156 4214 εἶτα·
1180 4148 1248 4232 οὐχὶ

171 4255 213 4320 τᾶ
236 4255 378 4340 μεγάλα
396 4263 521 4343 Περσᾶν
538 4256 645 4324 ὄλωλεν
667 4269 724 4326 eto.
759 4265 958 4326 Hermanuus
978 4262 1108 4339 sempsit
1128 4253 1270 4334 pesitus
