2850 4590
647 379 861 446 ..26-

212 528 249 594 τᾶ
276 536 402 612 Περσᾶν.
425 570 468 582 -
489 541 545 613 Ag.
562 545 619 598 32:
641 530 677 596 τᾶ
700 536 853 597 δεσποτῶν
875 573 918 584 -
940 525 974 597 εὖ
996 531 1123 597 πεσόντα
1147 532 1292 616 θήσομαι.

212 641 293 717 Sept.
318 646 372 699 68:
399 632 485 709 είὸαίς
507 634 544 699 ταί
568 642 628 699 τῶν
651 634 790 719 θύραθεν
813 635 948 717 ἀβλαβής
971 638 1031 725 ἔσῃ.
1079 644 1153 702 176:
1176 634 1212 701 τιί
1235 644 1294 701 τῶν

212 735 353 820 θύραθεν
375 733 401 800 θ’
424 733 466 811 τίς
494 733 588 822 ἄριστ’
611 737 772 817 ὀφέλλεται.
817 744 921 821 Suppl.
946 749 1024 804 580:
1054 731 1087 801 εὖ
1109 737 1145 802 τα
1168 746 1228 803 τῶν
1248 741 1293 824 ἔγ-

212 843 337 923 χωρίαν.
382 846 462 922 Sept.
487 851 564 905 358:
594 841 672 925 λέγοι
704 838 733 920 μ’
755 837 793 904 τίν
820 838 907 915 είιλιίς
934 832 968 904 εὖ
990 839 1025 904 ττλ
1054 848 1114 906 τῶν
1144 843 1292 906 ἐναντίων.

214 949 266 1008 Oh.
291 948 369 1007 387:
399 947 568 1024 ταχθονίων
598 968 628 1007 τε
656 970 752 1024 τιμαι,
785 949 897 1028 seripto
920 944 952 1007 ἐν
975 970 1065 1028 super
1086 971 1106 1024 μ
1129 950 1149 1010 i.
1172 971 1198 1010 e.
1222 926 1297 1008 trra-⁴

213 1047 298 1127 μίναι
321 1051 361 1108 Μ.
384 1085 426 1095 —-
450 1052 628 1112 Sehuetziue
650 1055 729 1113 hane
752 1054 932 1130 seripturam
954 1054 1088 1115 servavit
1109 1059 1230 1115 vertens
1252 1087 1292 1097 —

214 1175 310 1236 „quae
336 1159 426 1233 J'ure
448 1162 634 1216 mortuorum
663 1155 908 1236 persequimini“.
954 1157 1145 1216 Hermanuue
1173 1156 1294 1234 scripsit

214 1258 285 1318 olim
314 1251 433 1333 τιτηνιί,
464 1263 569 1336 postea
598 1252 737 1338 πρότιμα.
781 1259 906 1319 Blomf.:
937 1260 1023 1317 ιιλῦτε
1052 1252 1132 1331 τάδε,
1163 1257 1294 1335 χθονίων

214 1353 362 1438 τύραννοι.
408 1363 523 1422 Loeum
545 1382 687 1442 umquam
710 1383 798 1441 posee
821 1363 920 1422 sanari
942 1362 995 1423 vix
1018 1382 1086 1439 spes
1107 1370 1161 1424 eet.

299 1467 371 1542 Ipea
385 1472 484 1525 eutem
499 1486 636 1543 perrona,
653 1485 729 1545 quae
744 1465 886 1540 genetivo
901 1465 1062 1539 iudicatur,
1087 1470 1151 1525 tota
1168 1465 1293 1525 eircum-

111 1581 118 1588 ·
214 1569 366 1627 locutione
383 1568 469 1626 —id
492 1568 572 1648 quod
595 1590 633 1628 ne
656 1589 673 1628 a
695 1569 880 1648 reliquorum
904 1569 1024 1648 quidem
1041 1568 1220 1646 scriptorum
1237 1590 1293 1629 usu

215 1679 262 1730 eet
295 1672 424 1731 alienum
455 1707 497 1716 -
529 1672 689 1732 denotatur
722 1672 770 1731 hie
802 1671 892 1733 loeis:
926 1672 1007 1749 Sept.
1034 1677 1130 1731 1031:
1163 1664 1222 1746 ἤδη
1256 1664 1292 1730 ταί

214 1765 296 1832 τοῦδ’
319 1769 356 1832 οὐ
380 1773 579 1850 διατετίμηται
596 1778 680 1844 θεοῖς
696 1808 736 1818 -
752 1774 912 1853 Polynieee
934 1774 1018 1852 ipse
1040 1774 1118 1852 apud
1142 1776 1213 1833 deos
1235 1775 1294 1833 fuit

213 1877 246 1935 in
269 1879 392 1938 honore.
416 1912 458 1922 -
481 1878 583 1956 Suppl.
610 1884 707 1938 1028:
736 1870 771 1935 τὰ
794 1877 877 1935 θεῶν
899 1872 990 1953 μηδὲν
1012 1870 1139 1955 ἀγάζειν.
1162 1912 1204 1920 -
1230 1878 1293 1937 Ita-

216 2001 273 2059 que
306 1982 390 2041 Pers.
414 1987 492 2041 602:
527 1977 558 2040 ἕν
591 1973 721 2056 ὄμμασιν
753 1974 876 2039 τάνταῖα
911 1979 1047 2054 φαίνεται
1081 1981 1179 2049 θεῶν,
1214 1980 1294 2060 quod

214 2085 340 2143 debetur
361 2085 547 2144 Blomfieldio
576 2075 613 2141 τιλ
641 2085 723 2142 θεῶν
754 2105 814 2143 non
845 2083 919 2142 adeo
952 2085 1199 2143 contemnendum
1230 2104 1294 2143 esse

215 2187 354 2247 existimo
378 2193 412 2247 ut
442 2187 516 2247 feeit
536 2189 740 2247 Hermannue.
783 2181 819 2244 τιλ
842 2187 924 2246 θεῶν
947 2187 971 2246 ei
995 2187 1157 2261 scribatur,
1189 2186 1294 2246 melius

216 2297 297 2350 eerte
321 2292 417 2350 oratio
439 2291 583 2369 procedat
606 2291 816 2371 sententiaque
839 2292 947 2351 evadat
969 2290 1127 2349 dilucidior
1148 2290 1210 2362 „dii
1236 2290 1295 2366 ipsi

214 2395 332 2453 adversi
355 2401 455 2454 eunt.“
499 2397 536 2455 ef.
559 2395 657 2454 Sehol.
682 2396 723 2456 M.
746 2414 772 2454 α.
795 2396 824 2454 h.
848 2395 884 2454 l.:
908 2386 1029 2454 ἄνταῖαι
1052 2389 1170 2453 ἐναντία
1193 2393 1294 2467 φαίνε-

215 2518 261 2555 ται
284 2490 324 2555 τί
347 2499 461 2556 θεῶν·
486 2488 566 2556 οἷον·
589 2489 812 2571 ἀντικειμένους
833 2490 904 2573 ἡμῖν
926 2489 1004 2575 6ρῶ
1025 2490 1114 2565 τούς
1136 2488 1265 2564 θεούς.

300 2705 455 2762 Postremo
478 2724 539 2762 neu
562 2703 812 2778 praetereundum
834 2707 908 2778 puto
931 2700 1109 2779 pronomina
1126 2701 1295 2777 possessiva

215 2826 334 2885 quoque
363 2807 464 2866 addito
494 2807 621 2867 artieulo
651 2807 701 2864 sed
733 2805 841 2865 omisso
872 2805 1060 2865 substantivo
1084 2825 1138 2882 per
1167 2825 1198 2863 ee
1221 2805 1292 2881 poni

215 2911 289 2969 loeis
311 2909 423 2969 tribus:
446 2912 532 2969 Eum.
552 2915 628 2969 106:
650 2903 742 2967 πολλοὶ
764 2911 811 2968 τῶ
819 2931 836 2967 ν
859 2907 955 2984 ἐμῶν
978 2904 1106 2978 ε’λείξατε.
1141 2909 1198 2982 frg.
1220 2913 1292 2966 133:

215 3005 295 3087 τιλμοὶ
317 3004 373 3091 γαρ
396 3011 542 3088 διοίχεται.
577 3016 632 3086 Ag.
651 3017 726 3071 528:
749 3006 782 3069 τί
806 3004 860 3070 σόν
881 3013 981 3091 „quod
1003 3016 1037 3070 tu
1059 3011 1146 3069 modo
1170 3011 1293 3070 dixisti“

216 3117 265 3195 (ef.
288 3115 397 3175 Blomf.
419 3116 507 3190 glosa.
532 3116 569 3174 ed
592 3119 649 3189 Ag.
673 3115 757 3191 533).

720 3300 790 3380 se.

301 3426 416 3482 Nomen
440 3423 593 3501 proprium
616 3423 756 3496 genetivo
779 3422 856 3482 alius
879 3421 1009 3480 nominis
1032 3421 1147 3499 proprii
1174 3420 1218 3479 ita
1241 3421 1292 3478 ad·
1346 3441 1350 3447 ·

215 3527 304 3600 ditur,
328 3532 362 3585 ut
376 3519 443 3595 υἱός
458 3526 507 3586 vel
522 3519 660 3603 θνγατήρ
676 3525 725 3585 vel
744 3526 803 3584 alia
818 3546 879 3586 vox
894 3526 985 3601 hujus
1000 3525 1118 3598 generis
1133 3524 1292 3583 debeamus

216 3629 456 3703 subintellegere.
494 3629 561 3688 Uno
584 3635 685 3688 tamen
707 3633 825 3688 tantum
847 3629 912 3689 loeo
934 3628 1016 3687 iuius
1038 3627 1165 3687 rationis
1180 3627 1292 3705 reperi·

215 3740 265 3793 tur
294 3732 463 3810 exemplum
494 3732 597 3809 Suppl.
622 3738 700 3792 346:
733 3728 824 3807 Θέμις
854 3725 928 3801 Λαίς
956 3730 1089 3809 κλαρίου.
1133 3733 1293 3790 Praeterea

215 3858 269 3915 pro
299 3837 439 3910 genetivo
468 3837 675 3914 patronymico
705 3837 886 3913 adjectivum
914 3836 1075 3895 anemiue
1097 3836 1219 3914 proprio
1243 3835 1292 3894 de-

215 3940 337 3999 ductum
359 3939 450 3998 eemel
471 3939 582 4014 legitur
604 3940 687 3999 Pers.
712 3942 767 4000 71:
789 3930 973 4014 Ἀθαμαντλς
985 3932 1086 3996 Ἕλλα.

720 4126 789 4206 se.

301 4248 393 4307 Hisce
422 4267 477 4322 ego
506 4249 596 4308 rebus
626 4247 763 4324 exempla
791 4266 887 4326 pauea
908 4247 1069 4324 adjungam
1091 4247 1205 4324 ellipsis
1227 4248 1291 4322 ejus
